﻿﻿PokerStars Home Game Hand #212020036533: {Club #3217684} Tournament #2865029302, 17000+3000 Hold'em No Limit - Level I (15/30) - 2020/04/14 20:30:01 ET
Table '2865029302 2' 9-max Seat #1 is the button
Seat 1: LGPRENDES (10000 in chips) 
Seat 2: Messi_br (10000 in chips) 
Seat 4: FJara07 (10000 in chips) 
Seat 5: ptnr7 (10000 in chips) 
Seat 6: beça07 (10000 in chips) 
Seat 7: flagao (10000 in chips) 
Seat 8: fecomunale (10000 in chips) 
Seat 9: BrunoPasqual (10000 in chips) is sitting out
Messi_br: posts small blind 15
FJara07: posts big blind 30
*** HOLE CARDS ***
Dealt to flagao [3c Qd]
ptnr7: folds 
beça07: folds 
flagao has timed out
flagao: folds 
fecomunale: calls 30
BrunoPasqual: calls 30
LGPRENDES: calls 30
Messi_br: calls 15
FJara07: checks 
*** FLOP *** [Kd 9c 2h]
Messi_br: checks 
FJara07: checks 
fecomunale: checks 
BrunoPasqual: bets 30
LGPRENDES: calls 30
Messi_br: calls 30
FJara07: folds 
fecomunale: folds 
*** TURN *** [Kd 9c 2h] [8d]
Messi_br: checks 
BrunoPasqual: bets 60
LGPRENDES: calls 60
Messi_br: calls 60
*** RIVER *** [Kd 9c 2h 8d] [Tc]
Messi_br: checks 
BrunoPasqual: bets 120
LGPRENDES: calls 120
Messi_br: folds 
*** SHOW DOWN ***
BrunoPasqual: shows [Ks 5s] (a pair of Kings)
LGPRENDES: shows [Kh 5h] (a pair of Kings)
BrunoPasqual collected 330 from pot
LGPRENDES collected 330 from pot
*** SUMMARY ***
Total pot 660 | Rake 0 
Board [Kd 9c 2h 8d Tc]
Seat 1: LGPRENDES (button) showed [Kh 5h] and won (330) with a pair of Kings
Seat 2: Messi_br (small blind) folded on the River
Seat 4: FJara07 (big blind) folded on the Flop
Seat 5: ptnr7 folded before Flop (didn't bet)
Seat 6: beça07 folded before Flop (didn't bet)
Seat 7: flagao folded before Flop (didn't bet)
Seat 8: fecomunale folded on the Flop
Seat 9: BrunoPasqual showed [Ks 5s] and won (330) with a pair of Kings



PokerStars Home Game Hand #212020131468: {Club #3217684} Tournament #2865029302, 17000+3000 Hold'em No Limit - Level I (15/30) - 2020/04/14 20:32:23 ET
Table '2865029302 2' 9-max Seat #2 is the button
Seat 1: LGPRENDES (10090 in chips) 
Seat 2: Messi_br (9880 in chips) 
Seat 4: FJara07 (9970 in chips) 
Seat 5: ptnr7 (10000 in chips) 
Seat 6: beça07 (10000 in chips) 
Seat 7: flagao (10000 in chips) 
Seat 8: fecomunale (9970 in chips) 
Seat 9: BrunoPasqual (10090 in chips) 
FJara07: posts small blind 15
ptnr7: posts big blind 30
*** HOLE CARDS ***
Dealt to flagao [9c Ah]
beça07: raises 120 to 150
flagao: folds 
fecomunale: folds 
BrunoPasqual: calls 150
LGPRENDES: folds 
Messi_br: folds 
FJara07: calls 135
ptnr7: folds 
*** FLOP *** [6c 7c Tc]
FJara07: checks 
beça07: bets 300
BrunoPasqual: calls 300
FJara07: calls 300
*** TURN *** [6c 7c Tc] [Td]
FJara07: bets 210
beça07: calls 210
BrunoPasqual: calls 210
*** RIVER *** [6c 7c Tc Td] [Kh]
FJara07: bets 480
beça07: folds 
BrunoPasqual: calls 480
*** SHOW DOWN ***
FJara07: shows [Ks Qc] (two pair, Kings and Tens)
BrunoPasqual: shows [Th Jd] (three of a kind, Tens)
BrunoPasqual collected 2970 from pot
*** SUMMARY ***
Total pot 2970 | Rake 0 
Board [6c 7c Tc Td Kh]
Seat 1: LGPRENDES folded before Flop (didn't bet)
Seat 2: Messi_br (button) folded before Flop (didn't bet)
Seat 4: FJara07 (small blind) showed [Ks Qc] and lost with two pair, Kings and Tens
Seat 5: ptnr7 (big blind) folded before Flop
Seat 6: beça07 folded on the River
Seat 7: flagao folded before Flop (didn't bet)
Seat 8: fecomunale folded before Flop (didn't bet)
Seat 9: BrunoPasqual showed [Th Jd] and won (2970) with three of a kind, Tens



PokerStars Home Game Hand #212020210335: {Club #3217684} Tournament #2865029302, 17000+3000 Hold'em No Limit - Level I (15/30) - 2020/04/14 20:34:09 ET
Table '2865029302 2' 9-max Seat #4 is the button
Seat 1: LGPRENDES (10090 in chips) 
Seat 2: Messi_br (9880 in chips) 
Seat 4: FJara07 (8830 in chips) 
Seat 5: ptnr7 (9970 in chips) 
Seat 6: beça07 (9340 in chips) 
Seat 7: flagao (10000 in chips) 
Seat 8: fecomunale (9970 in chips) 
Seat 9: BrunoPasqual (11920 in chips) 
ptnr7: posts small blind 15
beça07: posts big blind 30
*** HOLE CARDS ***
Dealt to flagao [Jh Js]
flagao: raises 60 to 90
fecomunale: folds 
BrunoPasqual: folds 
LGPRENDES: folds 
Messi_br: raises 60 to 150
FJara07: folds 
ptnr7: folds 
beça07: folds 
flagao: calls 60
*** FLOP *** [Ks 8s Qh]
flagao: checks 
Messi_br: checks 
*** TURN *** [Ks 8s Qh] [Kd]
flagao: bets 150
Messi_br: calls 150
*** RIVER *** [Ks 8s Qh Kd] [Qs]
flagao: checks 
Messi_br: checks 
*** SHOW DOWN ***
flagao: shows [Jh Js] (two pair, Kings and Queens)
Messi_br: shows [6d Ac] (two pair, Kings and Queens - Ace kicker)
Messi_br collected 645 from pot
*** SUMMARY ***
Total pot 645 | Rake 0 
Board [Ks 8s Qh Kd Qs]
Seat 1: LGPRENDES folded before Flop (didn't bet)
Seat 2: Messi_br showed [6d Ac] and won (645) with two pair, Kings and Queens
Seat 4: FJara07 (button) folded before Flop (didn't bet)
Seat 5: ptnr7 (small blind) folded before Flop
Seat 6: beça07 (big blind) folded before Flop
Seat 7: flagao showed [Jh Js] and lost with two pair, Kings and Queens
Seat 8: fecomunale folded before Flop (didn't bet)
Seat 9: BrunoPasqual folded before Flop (didn't bet)



PokerStars Home Game Hand #212020269563: {Club #3217684} Tournament #2865029302, 17000+3000 Hold'em No Limit - Level I (15/30) - 2020/04/14 20:35:38 ET
Table '2865029302 2' 9-max Seat #5 is the button
Seat 1: LGPRENDES (10090 in chips) 
Seat 2: Messi_br (10225 in chips) 
Seat 4: FJara07 (8830 in chips) 
Seat 5: ptnr7 (9955 in chips) 
Seat 6: beça07 (9310 in chips) 
Seat 7: flagao (9700 in chips) 
Seat 8: fecomunale (9970 in chips) 
Seat 9: BrunoPasqual (11920 in chips) 
beça07: posts small blind 15
flagao: posts big blind 30
*** HOLE CARDS ***
Dealt to flagao [Ah 4c]
fecomunale: calls 30
BrunoPasqual: raises 60 to 90
LGPRENDES: calls 90
Messi_br: folds 
FJara07: folds 
ptnr7: calls 90
beça07: calls 75
flagao: folds 
fecomunale: calls 60
*** FLOP *** [9s 3d 6h]
beça07: checks 
fecomunale: checks 
BrunoPasqual: bets 120
LGPRENDES: folds 
ptnr7: folds 
beça07: calls 120
fecomunale: folds 
*** TURN *** [9s 3d 6h] [Ac]
beça07: checks 
BrunoPasqual: bets 360
beça07: folds 
Uncalled bet (360) returned to BrunoPasqual
BrunoPasqual collected 720 from pot
BrunoPasqual: doesn't show hand 
*** SUMMARY ***
Total pot 720 | Rake 0 
Board [9s 3d 6h Ac]
Seat 1: LGPRENDES folded on the Flop
Seat 2: Messi_br folded before Flop (didn't bet)
Seat 4: FJara07 folded before Flop (didn't bet)
Seat 5: ptnr7 (button) folded on the Flop
Seat 6: beça07 (small blind) folded on the Turn
Seat 7: flagao (big blind) folded before Flop
Seat 8: fecomunale folded on the Flop
Seat 9: BrunoPasqual collected (720)



PokerStars Home Game Hand #212020332240: {Club #3217684} Tournament #2865029302, 17000+3000 Hold'em No Limit - Level I (15/30) - 2020/04/14 20:37:12 ET
Table '2865029302 2' 9-max Seat #6 is the button
Seat 1: LGPRENDES (10000 in chips) 
Seat 2: Messi_br (10225 in chips) 
Seat 4: FJara07 (8830 in chips) 
Seat 5: ptnr7 (9865 in chips) 
Seat 6: beça07 (9100 in chips) 
Seat 7: flagao (9670 in chips) 
Seat 8: fecomunale (9880 in chips) 
Seat 9: BrunoPasqual (12430 in chips) 
flagao: posts small blind 15
fecomunale: posts big blind 30
*** HOLE CARDS ***
Dealt to flagao [Th 2d]
BrunoPasqual: calls 30
LGPRENDES: folds 
Messi_br: raises 30 to 60
FJara07: folds 
ptnr7: folds 
beça07: calls 60
flagao: folds 
fecomunale: folds 
BrunoPasqual: calls 30
*** FLOP *** [Qs Qc 5d]
BrunoPasqual: checks 
Messi_br: bets 30
beça07: folds 
BrunoPasqual: calls 30
*** TURN *** [Qs Qc 5d] [Kd]
BrunoPasqual: checks 
Messi_br: checks 
*** RIVER *** [Qs Qc 5d Kd] [Jc]
BrunoPasqual: checks 
Messi_br: checks 
*** SHOW DOWN ***
BrunoPasqual: shows [3c 3h] (two pair, Queens and Threes)
Messi_br: mucks hand 
BrunoPasqual collected 285 from pot
*** SUMMARY ***
Total pot 285 | Rake 0 
Board [Qs Qc 5d Kd Jc]
Seat 1: LGPRENDES folded before Flop (didn't bet)
Seat 2: Messi_br mucked [9s Ac]
Seat 4: FJara07 folded before Flop (didn't bet)
Seat 5: ptnr7 folded before Flop (didn't bet)
Seat 6: beça07 (button) folded on the Flop
Seat 7: flagao (small blind) folded before Flop
Seat 8: fecomunale (big blind) folded before Flop
Seat 9: BrunoPasqual showed [3c 3h] and won (285) with two pair, Queens and Threes



PokerStars Home Game Hand #212020400175: {Club #3217684} Tournament #2865029302, 17000+3000 Hold'em No Limit - Level I (15/30) - 2020/04/14 20:38:55 ET
Table '2865029302 2' 9-max Seat #7 is the button
Seat 1: LGPRENDES (10000 in chips) 
Seat 2: Messi_br (10135 in chips) 
Seat 4: FJara07 (8830 in chips) 
Seat 5: ptnr7 (9865 in chips) 
Seat 6: beça07 (9040 in chips) 
Seat 7: flagao (9655 in chips) 
Seat 8: fecomunale (9850 in chips) 
Seat 9: BrunoPasqual (12625 in chips) 
fecomunale: posts small blind 15
BrunoPasqual: posts big blind 30
*** HOLE CARDS ***
Dealt to flagao [2d 7s]
LGPRENDES: folds 
Messi_br: folds 
FJara07: folds 
ptnr7: folds 
beça07: folds 
flagao: folds 
fecomunale: calls 15
BrunoPasqual: raises 90 to 120
fecomunale: calls 90
*** FLOP *** [5d Ks 3h]
fecomunale: checks 
BrunoPasqual: bets 120
fecomunale: folds 
Uncalled bet (120) returned to BrunoPasqual
BrunoPasqual collected 240 from pot
BrunoPasqual: doesn't show hand 
*** SUMMARY ***
Total pot 240 | Rake 0 
Board [5d Ks 3h]
Seat 1: LGPRENDES folded before Flop (didn't bet)
Seat 2: Messi_br folded before Flop (didn't bet)
Seat 4: FJara07 folded before Flop (didn't bet)
Seat 5: ptnr7 folded before Flop (didn't bet)
Seat 6: beça07 folded before Flop (didn't bet)
Seat 7: flagao (button) folded before Flop (didn't bet)
Seat 8: fecomunale (small blind) folded on the Flop
Seat 9: BrunoPasqual (big blind) collected (240)



PokerStars Home Game Hand #212020442990: {Club #3217684} Tournament #2865029302, 17000+3000 Hold'em No Limit - Level I (15/30) - 2020/04/14 20:39:58 ET
Table '2865029302 2' 9-max Seat #8 is the button
Seat 1: LGPRENDES (10000 in chips) 
Seat 2: Messi_br (10135 in chips) 
Seat 4: FJara07 (8830 in chips) 
Seat 5: ptnr7 (9865 in chips) 
Seat 6: beça07 (9040 in chips) 
Seat 7: flagao (9655 in chips) 
Seat 8: fecomunale (9730 in chips) 
Seat 9: BrunoPasqual (12745 in chips) 
BrunoPasqual: posts small blind 15
LGPRENDES: posts big blind 30
*** HOLE CARDS ***
Dealt to flagao [Kc 6s]
Messi_br: raises 30 to 60
FJara07: folds 
ptnr7: raises 165 to 225
beça07: calls 225
flagao: folds 
fecomunale: folds 
BrunoPasqual: folds 
LGPRENDES: folds 
Messi_br: calls 165
*** FLOP *** [Th 6d 6h]
Messi_br: checks 
ptnr7: bets 360
beça07: folds 
Messi_br: calls 360
*** TURN *** [Th 6d 6h] [4s]
Messi_br: checks 
ptnr7: checks 
*** RIVER *** [Th 6d 6h 4s] [Td]
Messi_br: checks 
ptnr7: checks 
*** SHOW DOWN ***
Messi_br: shows [5s Kh] (two pair, Tens and Sixes)
ptnr7: shows [Qd Ac] (two pair, Tens and Sixes - Ace kicker)
ptnr7 collected 1440 from pot
*** SUMMARY ***
Total pot 1440 | Rake 0 
Board [Th 6d 6h 4s Td]
Seat 1: LGPRENDES (big blind) folded before Flop
Seat 2: Messi_br showed [5s Kh] and lost with two pair, Tens and Sixes
Seat 4: FJara07 folded before Flop (didn't bet)
Seat 5: ptnr7 showed [Qd Ac] and won (1440) with two pair, Tens and Sixes
Seat 6: beça07 folded on the Flop
Seat 7: flagao folded before Flop (didn't bet)
Seat 8: fecomunale (button) folded before Flop (didn't bet)
Seat 9: BrunoPasqual (small blind) folded before Flop



PokerStars Home Game Hand #212020525211: {Club #3217684} Tournament #2865029302, 17000+3000 Hold'em No Limit - Level II (20/40) - 2020/04/14 20:41:43 ET
Table '2865029302 2' 9-max Seat #9 is the button
Seat 1: LGPRENDES (9970 in chips) 
Seat 2: Messi_br (9550 in chips) 
Seat 4: FJara07 (8830 in chips) 
Seat 5: ptnr7 (10720 in chips) 
Seat 6: beça07 (8815 in chips) 
Seat 7: flagao (9655 in chips) 
Seat 8: fecomunale (9730 in chips) 
Seat 9: BrunoPasqual (12730 in chips) 
LGPRENDES: posts small blind 20
Messi_br: posts big blind 40
*** HOLE CARDS ***
Dealt to flagao [Jd 9h]
FJara07: folds 
ptnr7: raises 80 to 120
beça07: folds 
flagao: folds 
fecomunale: raises 80 to 200
BrunoPasqual: calls 200
LGPRENDES: folds 
Messi_br: folds 
ptnr7: folds 
*** FLOP *** [5s 4c 8c]
fecomunale: checks 
BrunoPasqual: checks 
*** TURN *** [5s 4c 8c] [Jh]
fecomunale: checks 
BrunoPasqual: checks 
*** RIVER *** [5s 4c 8c Jh] [Qc]
fecomunale: checks 
BrunoPasqual: checks 
*** SHOW DOWN ***
fecomunale: shows [Ad Kh] (high card Ace)
BrunoPasqual: shows [2d 2c] (a pair of Deuces)
BrunoPasqual collected 580 from pot
*** SUMMARY ***
Total pot 580 | Rake 0 
Board [5s 4c 8c Jh Qc]
Seat 1: LGPRENDES (small blind) folded before Flop
Seat 2: Messi_br (big blind) folded before Flop
Seat 4: FJara07 folded before Flop (didn't bet)
Seat 5: ptnr7 folded before Flop
Seat 6: beça07 folded before Flop (didn't bet)
Seat 7: flagao folded before Flop (didn't bet)
Seat 8: fecomunale showed [Ad Kh] and lost with high card Ace
Seat 9: BrunoPasqual (button) showed [2d 2c] and won (580) with a pair of Deuces



PokerStars Home Game Hand #212020562546: {Club #3217684} Tournament #2865029302, 17000+3000 Hold'em No Limit - Level II (20/40) - 2020/04/14 20:42:40 ET
Table '2865029302 2' 9-max Seat #1 is the button
Seat 1: LGPRENDES (9950 in chips) 
Seat 2: Messi_br (9510 in chips) 
Seat 4: FJara07 (8830 in chips) 
Seat 5: ptnr7 (10600 in chips) 
Seat 6: beça07 (8815 in chips) 
Seat 7: flagao (9655 in chips) 
Seat 8: fecomunale (9530 in chips) 
Seat 9: BrunoPasqual (13110 in chips) 
Messi_br: posts small blind 20
FJara07: posts big blind 40
*** HOLE CARDS ***
Dealt to flagao [4d Qh]
ptnr7: folds 
beça07: calls 40
flagao: folds 
fecomunale: folds 
BrunoPasqual: folds 
LGPRENDES: folds 
Messi_br: calls 20
FJara07: checks 
*** FLOP *** [9s 8d 5s]
Messi_br: checks 
FJara07: checks 
beça07: bets 160
Messi_br: folds 
FJara07: calls 160
*** TURN *** [9s 8d 5s] [4c]
FJara07: checks 
beça07: bets 280
FJara07: calls 280
*** RIVER *** [9s 8d 5s 4c] [5d]
FJara07: checks 
beça07: checks 
*** SHOW DOWN ***
FJara07: shows [3s Js] (a pair of Fives)
beça07: shows [Kc 9h] (two pair, Nines and Fives)
beça07 collected 1000 from pot
*** SUMMARY ***
Total pot 1000 | Rake 0 
Board [9s 8d 5s 4c 5d]
Seat 1: LGPRENDES (button) folded before Flop (didn't bet)
Seat 2: Messi_br (small blind) folded on the Flop
Seat 4: FJara07 (big blind) showed [3s Js] and lost with a pair of Fives
Seat 5: ptnr7 folded before Flop (didn't bet)
Seat 6: beça07 showed [Kc 9h] and won (1000) with two pair, Nines and Fives
Seat 7: flagao folded before Flop (didn't bet)
Seat 8: fecomunale folded before Flop (didn't bet)
Seat 9: BrunoPasqual folded before Flop (didn't bet)



PokerStars Home Game Hand #212020610591: {Club #3217684} Tournament #2865029302, 17000+3000 Hold'em No Limit - Level II (20/40) - 2020/04/14 20:43:41 ET
Table '2865029302 2' 9-max Seat #2 is the button
Seat 1: LGPRENDES (9950 in chips) 
Seat 2: Messi_br (9470 in chips) 
Seat 4: FJara07 (8350 in chips) 
Seat 5: ptnr7 (10600 in chips) 
Seat 6: beça07 (9335 in chips) 
Seat 7: flagao (9655 in chips) 
Seat 8: fecomunale (9530 in chips) 
Seat 9: BrunoPasqual (13110 in chips) 
FJara07: posts small blind 20
ptnr7: posts big blind 40
*** HOLE CARDS ***
Dealt to flagao [9d Jd]
beça07: folds 
flagao: folds 
fecomunale: folds 
BrunoPasqual: calls 40
LGPRENDES: raises 40 to 80
Messi_br: folds 
FJara07: raises 40 to 120
ptnr7: folds 
BrunoPasqual: folds 
LGPRENDES: calls 40
*** FLOP *** [9s Qc Ts]
FJara07: checks 
LGPRENDES: checks 
*** TURN *** [9s Qc Ts] [8d]
FJara07: checks 
LGPRENDES: bets 120
FJara07: calls 120
*** RIVER *** [9s Qc Ts 8d] [6d]
FJara07: checks 
LGPRENDES: bets 280
FJara07: folds 
Uncalled bet (280) returned to LGPRENDES
LGPRENDES collected 560 from pot
LGPRENDES: doesn't show hand 
*** SUMMARY ***
Total pot 560 | Rake 0 
Board [9s Qc Ts 8d 6d]
Seat 1: LGPRENDES collected (560)
Seat 2: Messi_br (button) folded before Flop (didn't bet)
Seat 4: FJara07 (small blind) folded on the River
Seat 5: ptnr7 (big blind) folded before Flop
Seat 6: beça07 folded before Flop (didn't bet)
Seat 7: flagao folded before Flop (didn't bet)
Seat 8: fecomunale folded before Flop (didn't bet)
Seat 9: BrunoPasqual folded before Flop



PokerStars Home Game Hand #212020659929: {Club #3217684} Tournament #2865029302, 17000+3000 Hold'em No Limit - Level II (20/40) - 2020/04/14 20:44:56 ET
Table '2865029302 2' 9-max Seat #4 is the button
Seat 1: LGPRENDES (10270 in chips) 
Seat 2: Messi_br (9470 in chips) 
Seat 4: FJara07 (8110 in chips) 
Seat 5: ptnr7 (10560 in chips) 
Seat 6: beça07 (9335 in chips) 
Seat 7: flagao (9655 in chips) 
Seat 8: fecomunale (9530 in chips) 
Seat 9: BrunoPasqual (13070 in chips) 
ptnr7: posts small blind 20
beça07: posts big blind 40
*** HOLE CARDS ***
Dealt to flagao [2c 6s]
flagao: folds 
fecomunale: folds 
BrunoPasqual: calls 40
LGPRENDES: folds 
Messi_br: calls 40
FJara07: calls 40
ptnr7: calls 20
beça07: checks 
*** FLOP *** [9c Jc 5d]
ptnr7: checks 
beça07: checks 
BrunoPasqual: checks 
Messi_br: checks 
FJara07: checks 
*** TURN *** [9c Jc 5d] [8c]
ptnr7: checks 
beça07: bets 200
BrunoPasqual: calls 200
Messi_br: calls 200
FJara07: calls 200
ptnr7: folds 
*** RIVER *** [9c Jc 5d 8c] [3c]
beça07: checks 
BrunoPasqual: checks 
Messi_br: checks 
FJara07: checks 
*** SHOW DOWN ***
beça07: shows [Ts 5c] (a flush, Jack high)
BrunoPasqual: shows [8s Qc] (a flush, Queen high)
Messi_br: mucks hand 
FJara07: mucks hand 
BrunoPasqual collected 1000 from pot
*** SUMMARY ***
Total pot 1000 | Rake 0 
Board [9c Jc 5d 8c 3c]
Seat 1: LGPRENDES folded before Flop (didn't bet)
Seat 2: Messi_br mucked [8d 7h]
Seat 4: FJara07 (button) mucked [Kd Ah]
Seat 5: ptnr7 (small blind) folded on the Turn
Seat 6: beça07 (big blind) showed [Ts 5c] and lost with a flush, Jack high
Seat 7: flagao folded before Flop (didn't bet)
Seat 8: fecomunale folded before Flop (didn't bet)
Seat 9: BrunoPasqual showed [8s Qc] and won (1000) with a flush, Queen high



PokerStars Home Game Hand #212020708277: {Club #3217684} Tournament #2865029302, 17000+3000 Hold'em No Limit - Level II (20/40) - 2020/04/14 20:46:11 ET
Table '2865029302 2' 9-max Seat #5 is the button
Seat 1: LGPRENDES (10270 in chips) 
Seat 2: Messi_br (9230 in chips) 
Seat 4: FJara07 (7870 in chips) 
Seat 5: ptnr7 (10520 in chips) 
Seat 6: beça07 (9095 in chips) 
Seat 7: flagao (9655 in chips) 
Seat 8: fecomunale (9530 in chips) 
Seat 9: BrunoPasqual (13830 in chips) 
beça07: posts small blind 20
flagao: posts big blind 40
*** HOLE CARDS ***
Dealt to flagao [3h 3d]
fecomunale: folds 
BrunoPasqual: raises 80 to 120
LGPRENDES: calls 120
Messi_br: raises 80 to 200
FJara07: folds 
ptnr7: folds 
beça07: folds 
flagao: calls 160
BrunoPasqual: calls 80
LGPRENDES: calls 80
*** FLOP *** [Jh Ts Ac]
flagao: checks 
BrunoPasqual: checks 
LGPRENDES: checks 
Messi_br: bets 520
flagao: folds 
BrunoPasqual: calls 520
LGPRENDES: folds 
*** TURN *** [Jh Ts Ac] [7c]
BrunoPasqual: checks 
Messi_br: checks 
*** RIVER *** [Jh Ts Ac 7c] [8d]
BrunoPasqual: bets 1000
Messi_br: calls 1000
*** SHOW DOWN ***
BrunoPasqual: shows [Qh 8h] (a pair of Eights)
Messi_br: shows [4c Ad] (a pair of Aces)
Messi_br collected 3860 from pot
*** SUMMARY ***
Total pot 3860 | Rake 0 
Board [Jh Ts Ac 7c 8d]
Seat 1: LGPRENDES folded on the Flop
Seat 2: Messi_br showed [4c Ad] and won (3860) with a pair of Aces
Seat 4: FJara07 folded before Flop (didn't bet)
Seat 5: ptnr7 (button) folded before Flop (didn't bet)
Seat 6: beça07 (small blind) folded before Flop
Seat 7: flagao (big blind) folded on the Flop
Seat 8: fecomunale folded before Flop (didn't bet)
Seat 9: BrunoPasqual showed [Qh 8h] and lost with a pair of Eights



PokerStars Home Game Hand #212020754339: {Club #3217684} Tournament #2865029302, 17000+3000 Hold'em No Limit - Level II (20/40) - 2020/04/14 20:47:22 ET
Table '2865029302 2' 9-max Seat #6 is the button
Seat 1: LGPRENDES (10070 in chips) 
Seat 2: Messi_br (11370 in chips) 
Seat 4: FJara07 (7870 in chips) 
Seat 5: ptnr7 (10520 in chips) 
Seat 6: beça07 (9075 in chips) 
Seat 7: flagao (9455 in chips) 
Seat 8: fecomunale (9530 in chips) 
Seat 9: BrunoPasqual (12110 in chips) 
flagao: posts small blind 20
fecomunale: posts big blind 40
*** HOLE CARDS ***
Dealt to flagao [4s 8s]
BrunoPasqual: calls 40
LGPRENDES: calls 40
Messi_br: calls 40
FJara07: calls 40
ptnr7: folds 
beça07: raises 200 to 240
flagao: folds 
fecomunale: folds 
BrunoPasqual: folds 
LGPRENDES: folds 
Messi_br: calls 200
FJara07: calls 200
*** FLOP *** [4d 3c 6h]
Messi_br: bets 40
FJara07: calls 40
beça07: calls 40
*** TURN *** [4d 3c 6h] [Qd]
Messi_br: bets 40
FJara07: calls 40
beça07: calls 40
*** RIVER *** [4d 3c 6h Qd] [2d]
Messi_br: bets 40
FJara07: folds 
beça07: folds 
Uncalled bet (40) returned to Messi_br
Messi_br collected 1100 from pot
Messi_br: doesn't show hand 
*** SUMMARY ***
Total pot 1100 | Rake 0 
Board [4d 3c 6h Qd 2d]
Seat 1: LGPRENDES folded before Flop
Seat 2: Messi_br collected (1100)
Seat 4: FJara07 folded on the River
Seat 5: ptnr7 folded before Flop (didn't bet)
Seat 6: beça07 (button) folded on the River
Seat 7: flagao (small blind) folded before Flop
Seat 8: fecomunale (big blind) folded before Flop
Seat 9: BrunoPasqual folded before Flop



PokerStars Home Game Hand #212020810775: {Club #3217684} Tournament #2865029302, 17000+3000 Hold'em No Limit - Level II (20/40) - 2020/04/14 20:48:49 ET
Table '2865029302 2' 9-max Seat #7 is the button
Seat 1: LGPRENDES (10030 in chips) 
Seat 2: Messi_br (12150 in chips) 
Seat 4: FJara07 (7550 in chips) 
Seat 5: ptnr7 (10520 in chips) 
Seat 6: beça07 (8755 in chips) 
Seat 7: flagao (9435 in chips) 
Seat 8: fecomunale (9490 in chips) 
Seat 9: BrunoPasqual (12070 in chips) 
fecomunale: posts small blind 20
BrunoPasqual: posts big blind 40
*** HOLE CARDS ***
Dealt to flagao [4h 4s]
LGPRENDES: folds 
Messi_br: calls 40
FJara07: raises 80 to 120
ptnr7: folds 
beça07: folds 
flagao: calls 120
fecomunale: folds 
BrunoPasqual: calls 80
Messi_br: raises 80 to 200
FJara07: calls 80
flagao: calls 80
BrunoPasqual: calls 80
*** FLOP *** [Tc 6d 7s]
BrunoPasqual: checks 
Messi_br: bets 40
FJara07: raises 440 to 480
flagao: folds 
BrunoPasqual: folds 
Messi_br: calls 440
*** TURN *** [Tc 6d 7s] [9c]
Messi_br: checks 
FJara07: bets 880
Messi_br: calls 880
*** RIVER *** [Tc 6d 7s 9c] [5d]
Messi_br: bets 40
FJara07: calls 40
*** SHOW DOWN ***
Messi_br: shows [Qd Th] (a pair of Tens)
FJara07: shows [Jd Js] (a pair of Jacks)
FJara07 collected 3620 from pot
*** SUMMARY ***
Total pot 3620 | Rake 0 
Board [Tc 6d 7s 9c 5d]
Seat 1: LGPRENDES folded before Flop (didn't bet)
Seat 2: Messi_br showed [Qd Th] and lost with a pair of Tens
Seat 4: FJara07 showed [Jd Js] and won (3620) with a pair of Jacks
Seat 5: ptnr7 folded before Flop (didn't bet)
Seat 6: beça07 folded before Flop (didn't bet)
Seat 7: flagao (button) folded on the Flop
Seat 8: fecomunale (small blind) folded before Flop
Seat 9: BrunoPasqual (big blind) folded on the Flop



PokerStars Home Game Hand #212020878615: {Club #3217684} Tournament #2865029302, 17000+3000 Hold'em No Limit - Level III (25/50) - 2020/04/14 20:50:22 ET
Table '2865029302 2' 9-max Seat #8 is the button
Seat 1: LGPRENDES (10030 in chips) 
Seat 2: Messi_br (10550 in chips) 
Seat 4: FJara07 (9570 in chips) 
Seat 5: ptnr7 (10520 in chips) 
Seat 6: beça07 (8755 in chips) 
Seat 7: flagao (9235 in chips) 
Seat 8: fecomunale (9470 in chips) 
Seat 9: BrunoPasqual (11870 in chips) 
BrunoPasqual: posts small blind 25
LGPRENDES: posts big blind 50
*** HOLE CARDS ***
Dealt to flagao [6s 9c]
Messi_br: folds 
FJara07: folds 
ptnr7: folds 
beça07: folds 
flagao: folds 
fecomunale: folds 
BrunoPasqual: calls 25
LGPRENDES: checks 
*** FLOP *** [5c 7s 2h]
BrunoPasqual: checks 
LGPRENDES: bets 50
BrunoPasqual: calls 50
*** TURN *** [5c 7s 2h] [6c]
BrunoPasqual: checks 
LGPRENDES: bets 100
BrunoPasqual: calls 100
*** RIVER *** [5c 7s 2h 6c] [3c]
BrunoPasqual: bets 200
LGPRENDES: calls 200
*** SHOW DOWN ***
BrunoPasqual: shows [Ah 8s] (high card Ace)
LGPRENDES: shows [7h 6d] (two pair, Sevens and Sixes)
LGPRENDES collected 800 from pot
*** SUMMARY ***
Total pot 800 | Rake 0 
Board [5c 7s 2h 6c 3c]
Seat 1: LGPRENDES (big blind) showed [7h 6d] and won (800) with two pair, Sevens and Sixes
Seat 2: Messi_br folded before Flop (didn't bet)
Seat 4: FJara07 folded before Flop (didn't bet)
Seat 5: ptnr7 folded before Flop (didn't bet)
Seat 6: beça07 folded before Flop (didn't bet)
Seat 7: flagao folded before Flop (didn't bet)
Seat 8: fecomunale (button) folded before Flop (didn't bet)
Seat 9: BrunoPasqual (small blind) showed [Ah 8s] and lost with high card Ace



PokerStars Home Game Hand #212020918656: {Club #3217684} Tournament #2865029302, 17000+3000 Hold'em No Limit - Level III (25/50) - 2020/04/14 20:51:25 ET
Table '2865029302 2' 9-max Seat #9 is the button
Seat 1: LGPRENDES (10430 in chips) 
Seat 2: Messi_br (10550 in chips) 
Seat 4: FJara07 (9570 in chips) 
Seat 5: ptnr7 (10520 in chips) 
Seat 6: beça07 (8755 in chips) 
Seat 7: flagao (9235 in chips) 
Seat 8: fecomunale (9470 in chips) 
Seat 9: BrunoPasqual (11470 in chips) 
LGPRENDES: posts small blind 25
Messi_br: posts big blind 50
*** HOLE CARDS ***
Dealt to flagao [Tc 3h]
FJara07: folds 
ptnr7: folds 
beça07: calls 50
flagao: folds 
fecomunale: folds 
BrunoPasqual: raises 100 to 150
LGPRENDES: folds 
Messi_br: calls 100
beça07: calls 100
*** FLOP *** [8c Ac Qh]
Messi_br: bets 50
beça07: folds 
BrunoPasqual: calls 50
*** TURN *** [8c Ac Qh] [2d]
Messi_br: bets 50
BrunoPasqual: raises 338 to 388
Messi_br: calls 338
*** RIVER *** [8c Ac Qh 2d] [6d]
Messi_br: checks 
BrunoPasqual: bets 676
Messi_br: calls 676
*** SHOW DOWN ***
BrunoPasqual: shows [Qd Ad] (two pair, Aces and Queens)
Messi_br: mucks hand 
BrunoPasqual collected 2703 from pot
*** SUMMARY ***
Total pot 2703 | Rake 0 
Board [8c Ac Qh 2d 6d]
Seat 1: LGPRENDES (small blind) folded before Flop
Seat 2: Messi_br (big blind) mucked [8s Kh]
Seat 4: FJara07 folded before Flop (didn't bet)
Seat 5: ptnr7 folded before Flop (didn't bet)
Seat 6: beça07 folded on the Flop
Seat 7: flagao folded before Flop (didn't bet)
Seat 8: fecomunale folded before Flop (didn't bet)
Seat 9: BrunoPasqual (button) showed [Qd Ad] and won (2703) with two pair, Aces and Queens



PokerStars Home Game Hand #212020971421: {Club #3217684} Tournament #2865029302, 17000+3000 Hold'em No Limit - Level III (25/50) - 2020/04/14 20:52:49 ET
Table '2865029302 2' 9-max Seat #1 is the button
Seat 1: LGPRENDES (10405 in chips) 
Seat 2: Messi_br (9286 in chips) 
Seat 4: FJara07 (9570 in chips) 
Seat 5: ptnr7 (10520 in chips) 
Seat 6: beça07 (8605 in chips) 
Seat 7: flagao (9235 in chips) 
Seat 8: fecomunale (9470 in chips) 
Seat 9: BrunoPasqual (12909 in chips) 
Messi_br: posts small blind 25
FJara07: posts big blind 50
*** HOLE CARDS ***
Dealt to flagao [Ad 8c]
ptnr7: folds 
beça07: folds 
flagao: folds 
fecomunale: calls 50
BrunoPasqual: raises 100 to 150
LGPRENDES has timed out
LGPRENDES: folds 
Messi_br: raises 500 to 650
FJara07: folds 
fecomunale: calls 600
BrunoPasqual: calls 500
*** FLOP *** [3c Ks 9d]
Messi_br: bets 600
fecomunale: folds 
BrunoPasqual: calls 600
*** TURN *** [3c Ks 9d] [2s]
Messi_br: checks 
BrunoPasqual: checks 
*** RIVER *** [3c Ks 9d 2s] [7s]
Messi_br: checks 
BrunoPasqual: checks 
*** SHOW DOWN ***
Messi_br: shows [Td As] (high card Ace)
BrunoPasqual: shows [9c Ac] (a pair of Nines)
BrunoPasqual collected 3200 from pot
*** SUMMARY ***
Total pot 3200 | Rake 0 
Board [3c Ks 9d 2s 7s]
Seat 1: LGPRENDES (button) folded before Flop (didn't bet)
Seat 2: Messi_br (small blind) showed [Td As] and lost with high card Ace
Seat 4: FJara07 (big blind) folded before Flop
Seat 5: ptnr7 folded before Flop (didn't bet)
Seat 6: beça07 folded before Flop (didn't bet)
Seat 7: flagao folded before Flop (didn't bet)
Seat 8: fecomunale folded on the Flop
Seat 9: BrunoPasqual showed [9c Ac] and won (3200) with a pair of Nines



PokerStars Home Game Hand #212021052938: {Club #3217684} Tournament #2865029302, 17000+3000 Hold'em No Limit - Level III (25/50) - 2020/04/14 20:54:59 ET
Table '2865029302 2' 9-max Seat #2 is the button
Seat 1: LGPRENDES (10405 in chips) 
Seat 2: Messi_br (8036 in chips) 
Seat 4: FJara07 (9520 in chips) 
Seat 5: ptnr7 (10520 in chips) 
Seat 6: beça07 (8605 in chips) 
Seat 7: flagao (9235 in chips) 
Seat 8: fecomunale (8820 in chips) 
Seat 9: BrunoPasqual (14859 in chips) 
FJara07: posts small blind 25
ptnr7: posts big blind 50
*** HOLE CARDS ***
Dealt to flagao [3h Tc]
beça07: folds 
flagao: folds 
fecomunale: raises 50 to 100
BrunoPasqual: calls 100
LGPRENDES: folds 
Messi_br: calls 100
FJara07: folds 
ptnr7: raises 425 to 525
fecomunale: folds 
BrunoPasqual: calls 425
Messi_br: calls 425
*** FLOP *** [As 5s 9d]
ptnr7: checks 
BrunoPasqual: checks 
Messi_br: checks 
*** TURN *** [As 5s 9d] [7h]
ptnr7: bets 850
BrunoPasqual: calls 850
Messi_br: calls 850
*** RIVER *** [As 5s 9d 7h] [2d]
ptnr7: checks 
BrunoPasqual: bets 1750
Messi_br: raises 4911 to 6661 and is all-in
ptnr7: folds 
BrunoPasqual: calls 4911
*** SHOW DOWN ***
Messi_br: shows [5d 7d] (two pair, Sevens and Fives)
BrunoPasqual: shows [2h Ah] (two pair, Aces and Deuces)
BrunoPasqual collected 17572 from pot
*** SUMMARY ***
Total pot 17572 | Rake 0 
Board [As 5s 9d 7h 2d]
Seat 1: LGPRENDES folded before Flop (didn't bet)
Seat 2: Messi_br (button) showed [5d 7d] and lost with two pair, Sevens and Fives
Seat 4: FJara07 (small blind) folded before Flop
Seat 5: ptnr7 (big blind) folded on the River
Seat 6: beça07 folded before Flop (didn't bet)
Seat 7: flagao folded before Flop (didn't bet)
Seat 8: fecomunale folded before Flop
Seat 9: BrunoPasqual showed [2h Ah] and won (17572) with two pair, Aces and Deuces



PokerStars Home Game Hand #212021275945: {Club #3217684} Tournament #2865029302, 17000+3000 Hold'em No Limit - Level III (25/50) - 2020/04/14 21:01:36 ET
Table '2865029302 2' 9-max Seat #4 is the button
Seat 1: LGPRENDES (10405 in chips) 
Seat 2: Messi_br (10000 in chips) 
Seat 4: FJara07 (9495 in chips) 
Seat 5: ptnr7 (9145 in chips) 
Seat 6: beça07 (8605 in chips) 
Seat 7: flagao (9235 in chips) 
Seat 8: fecomunale (8720 in chips) 
Seat 9: BrunoPasqual (24395 in chips) 
ptnr7: posts small blind 25
beça07: posts big blind 50
*** HOLE CARDS ***
Dealt to flagao [2h Qs]
flagao: folds 
fecomunale: folds 
BrunoPasqual: calls 50
LGPRENDES: calls 50
Messi_br: calls 50
FJara07: raises 150 to 200
ptnr7: folds 
beça07: folds 
BrunoPasqual: calls 150
LGPRENDES: folds 
Messi_br: calls 150
*** FLOP *** [9d Ad 8d]
BrunoPasqual: checks 
Messi_br: checks 
FJara07: bets 650
BrunoPasqual: folds 
Messi_br: calls 650
*** TURN *** [9d Ad 8d] [Ah]
Messi_br: checks 
FJara07: checks 
*** RIVER *** [9d Ad 8d Ah] [Ts]
Messi_br: bets 700
FJara07: raises 800 to 1500
Messi_br: calls 800
*** SHOW DOWN ***
FJara07: shows [9s 9c] (a full house, Nines full of Aces)
Messi_br: mucks hand 
FJara07 collected 5025 from pot
*** SUMMARY ***
Total pot 5025 | Rake 0 
Board [9d Ad 8d Ah Ts]
Seat 1: LGPRENDES folded before Flop
Seat 2: Messi_br mucked [6c 7s]
Seat 4: FJara07 (button) showed [9s 9c] and won (5025) with a full house, Nines full of Aces
Seat 5: ptnr7 (small blind) folded before Flop
Seat 6: beça07 (big blind) folded before Flop
Seat 7: flagao folded before Flop (didn't bet)
Seat 8: fecomunale folded before Flop (didn't bet)
Seat 9: BrunoPasqual folded on the Flop



PokerStars Home Game Hand #212021336017: {Club #3217684} Tournament #2865029302, 17000+3000 Hold'em No Limit - Level III (25/50) - 2020/04/14 21:03:12 ET
Table '2865029302 2' 9-max Seat #5 is the button
Seat 1: LGPRENDES (10355 in chips) 
Seat 2: Messi_br (7650 in chips) 
Seat 4: FJara07 (12170 in chips) 
Seat 5: ptnr7 (9120 in chips) 
Seat 6: beça07 (8555 in chips) 
Seat 7: flagao (9235 in chips) 
Seat 8: fecomunale (8720 in chips) 
Seat 9: BrunoPasqual (24195 in chips) 
beça07: posts small blind 25
flagao: posts big blind 50
*** HOLE CARDS ***
Dealt to flagao [Ah Kh]
fecomunale: folds 
BrunoPasqual: folds 
LGPRENDES: folds 
Messi_br: calls 50
FJara07: folds 
ptnr7: calls 50
beça07: calls 25
flagao: checks 
*** FLOP *** [5c Qd 8d]
beça07: checks 
flagao: checks 
Messi_br: bets 150
ptnr7: folds 
beça07: folds 
flagao: calls 150
*** TURN *** [5c Qd 8d] [7s]
flagao: checks 
Messi_br: checks 
*** RIVER *** [5c Qd 8d 7s] [9c]
flagao: bets 200
Messi_br: calls 200
*** SHOW DOWN ***
flagao: shows [Ah Kh] (high card Ace)
Messi_br: shows [7h Qs] (two pair, Queens and Sevens)
Messi_br collected 900 from pot
*** SUMMARY ***
Total pot 900 | Rake 0 
Board [5c Qd 8d 7s 9c]
Seat 1: LGPRENDES folded before Flop (didn't bet)
Seat 2: Messi_br showed [7h Qs] and won (900) with two pair, Queens and Sevens
Seat 4: FJara07 folded before Flop (didn't bet)
Seat 5: ptnr7 (button) folded on the Flop
Seat 6: beça07 (small blind) folded on the Flop
Seat 7: flagao (big blind) showed [Ah Kh] and lost with high card Ace
Seat 8: fecomunale folded before Flop (didn't bet)
Seat 9: BrunoPasqual folded before Flop (didn't bet)



PokerStars Home Game Hand #212021414504: {Club #3217684} Tournament #2865029302, 17000+3000 Hold'em No Limit - Level III (25/50) - 2020/04/14 21:05:04 ET
Table '2865029302 2' 9-max Seat #6 is the button
Seat 1: LGPRENDES (10355 in chips) 
Seat 2: Messi_br (8150 in chips) 
Seat 4: FJara07 (12170 in chips) 
Seat 5: ptnr7 (9070 in chips) 
Seat 6: beça07 (8505 in chips) 
Seat 7: flagao (8835 in chips) 
Seat 8: fecomunale (8720 in chips) 
Seat 9: BrunoPasqual (24195 in chips) 
flagao: posts small blind 25
fecomunale: posts big blind 50
*** HOLE CARDS ***
Dealt to flagao [2d 9h]
BrunoPasqual: calls 50
LGPRENDES: folds 
Messi_br: calls 50
FJara07: raises 150 to 200
ptnr7: folds 
beça07: calls 200
flagao: folds 
fecomunale: folds 
BrunoPasqual: folds 
Messi_br: calls 150
*** FLOP *** [Ah 8h 9c]
Messi_br: checks 
FJara07: checks 
beça07: checks 
*** TURN *** [Ah 8h 9c] [6h]
Messi_br: checks 
FJara07: checks 
beça07: checks 
*** RIVER *** [Ah 8h 9c 6h] [3h]
Messi_br: checks 
FJara07: checks 
beça07: bets 550
Messi_br: calls 550
FJara07: folds 
*** SHOW DOWN ***
beça07: shows [4s Ks] (high card Ace)
Messi_br: shows [3d Js] (a pair of Threes)
Messi_br collected 1825 from pot
*** SUMMARY ***
Total pot 1825 | Rake 0 
Board [Ah 8h 9c 6h 3h]
Seat 1: LGPRENDES folded before Flop (didn't bet)
Seat 2: Messi_br showed [3d Js] and won (1825) with a pair of Threes
Seat 4: FJara07 folded on the River
Seat 5: ptnr7 folded before Flop (didn't bet)
Seat 6: beça07 (button) showed [4s Ks] and lost with high card Ace
Seat 7: flagao (small blind) folded before Flop
Seat 8: fecomunale (big blind) folded before Flop
Seat 9: BrunoPasqual folded before Flop



PokerStars Home Game Hand #212021460797: {Club #3217684} Tournament #2865029302, 17000+3000 Hold'em No Limit - Level III (25/50) - 2020/04/14 21:06:18 ET
Table '2865029302 2' 9-max Seat #7 is the button
Seat 1: LGPRENDES (10355 in chips) 
Seat 2: Messi_br (9225 in chips) 
Seat 4: FJara07 (11970 in chips) 
Seat 5: ptnr7 (9070 in chips) 
Seat 6: beça07 (7755 in chips) 
Seat 7: flagao (8810 in chips) 
Seat 8: fecomunale (8670 in chips) 
Seat 9: BrunoPasqual (24145 in chips) 
fecomunale: posts small blind 25
BrunoPasqual: posts big blind 50
*** HOLE CARDS ***
Dealt to flagao [9c 2d]
LGPRENDES: raises 50 to 100
Messi_br: folds 
FJara07: folds 
ptnr7: folds 
beça07: folds 
flagao: folds 
fecomunale: folds 
BrunoPasqual: calls 50
*** FLOP *** [Kc 5h Qc]
BrunoPasqual: checks 
LGPRENDES: bets 150
BrunoPasqual: calls 150
*** TURN *** [Kc 5h Qc] [2h]
BrunoPasqual: checks 
LGPRENDES: bets 250
BrunoPasqual: calls 250
*** RIVER *** [Kc 5h Qc 2h] [Js]
beça07 said, "vc tem problema neh"
BrunoPasqual: checks 
LGPRENDES: bets 513
BrunoPasqual: folds [Ad 3h]
Uncalled bet (513) returned to LGPRENDES
LGPRENDES collected 1025 from pot
LGPRENDES: doesn't show hand 
*** SUMMARY ***
Total pot 1025 | Rake 0 
Board [Kc 5h Qc 2h Js]
Seat 1: LGPRENDES collected (1025)
Seat 2: Messi_br folded before Flop (didn't bet)
Seat 4: FJara07 folded before Flop (didn't bet)
Seat 5: ptnr7 folded before Flop (didn't bet)
Seat 6: beça07 folded before Flop (didn't bet)
Seat 7: flagao (button) folded before Flop (didn't bet)
Seat 8: fecomunale (small blind) folded before Flop
Seat 9: BrunoPasqual (big blind) folded on the River



PokerStars Home Game Hand #212021508856: {Club #3217684} Tournament #2865029302, 17000+3000 Hold'em No Limit - Level IV (30/60) - 2020/04/14 21:07:34 ET
Table '2865029302 2' 9-max Seat #8 is the button
Seat 1: LGPRENDES (10880 in chips) 
Seat 2: Messi_br (9225 in chips) 
Seat 4: FJara07 (11970 in chips) 
Seat 5: ptnr7 (9070 in chips) 
Seat 6: beça07 (7755 in chips) 
Seat 7: flagao (8810 in chips) 
Seat 8: fecomunale (8645 in chips) 
Seat 9: BrunoPasqual (23645 in chips) 
LGPRENDES: posts the ante 5
Messi_br: posts the ante 5
FJara07: posts the ante 5
ptnr7: posts the ante 5
beça07: posts the ante 5
flagao: posts the ante 5
fecomunale: posts the ante 5
BrunoPasqual: posts the ante 5
BrunoPasqual: posts small blind 30
LGPRENDES: posts big blind 60
*** HOLE CARDS ***
Dealt to flagao [3s As]
Messi_br: calls 60
FJara07: folds 
ptnr7: folds 
beça07: folds 
flagao: raises 180 to 240
fecomunale: folds 
BrunoPasqual: folds 
LGPRENDES: folds 
Messi_br: calls 180
*** FLOP *** [6c 4c 6d]
Messi_br: checks 
flagao: checks 
*** TURN *** [6c 4c 6d] [8c]
Messi_br: checks 
flagao: bets 240
Messi_br: calls 240
*** RIVER *** [6c 4c 6d 8c] [3c]
Messi_br: checks 
flagao: checks 
*** SHOW DOWN ***
Messi_br: shows [8s Kh] (two pair, Eights and Sixes)
flagao: mucks hand 
Messi_br collected 1090 from pot
*** SUMMARY ***
Total pot 1090 | Rake 0 
Board [6c 4c 6d 8c 3c]
Seat 1: LGPRENDES (big blind) folded before Flop
Seat 2: Messi_br showed [8s Kh] and won (1090) with two pair, Eights and Sixes
Seat 4: FJara07 folded before Flop (didn't bet)
Seat 5: ptnr7 folded before Flop (didn't bet)
Seat 6: beça07 folded before Flop (didn't bet)
Seat 7: flagao mucked [3s As]
Seat 8: fecomunale (button) folded before Flop (didn't bet)
Seat 9: BrunoPasqual (small blind) folded before Flop



PokerStars Home Game Hand #212021554703: {Club #3217684} Tournament #2865029302, 17000+3000 Hold'em No Limit - Level IV (30/60) - 2020/04/14 21:08:42 ET
Table '2865029302 2' 9-max Seat #9 is the button
Seat 1: LGPRENDES (10815 in chips) 
Seat 2: Messi_br (9830 in chips) 
Seat 4: FJara07 (11965 in chips) 
Seat 5: ptnr7 (9065 in chips) 
Seat 6: beça07 (7750 in chips) 
Seat 7: flagao (8325 in chips) 
Seat 8: fecomunale (8640 in chips) 
Seat 9: BrunoPasqual (23610 in chips) 
LGPRENDES: posts the ante 5
Messi_br: posts the ante 5
FJara07: posts the ante 5
ptnr7: posts the ante 5
beça07: posts the ante 5
flagao: posts the ante 5
fecomunale: posts the ante 5
BrunoPasqual: posts the ante 5
LGPRENDES: posts small blind 30
Messi_br: posts big blind 60
*** HOLE CARDS ***
Dealt to flagao [6h 3d]
FJara07: calls 60
ptnr7: folds 
beça07: folds 
flagao: folds 
fecomunale: folds 
BrunoPasqual: calls 60
LGPRENDES: calls 30
Messi_br: checks 
*** FLOP *** [Js Qs 8c]
LGPRENDES: checks 
Messi_br: bets 60
FJara07: calls 60
BrunoPasqual: calls 60
LGPRENDES: folds 
*** TURN *** [Js Qs 8c] [4c]
Messi_br: checks 
FJara07: checks 
BrunoPasqual: checks 
*** RIVER *** [Js Qs 8c 4c] [Ks]
Messi_br: bets 300
FJara07: folds 
BrunoPasqual: folds 
Uncalled bet (300) returned to Messi_br
Messi_br collected 460 from pot
Messi_br: doesn't show hand 
*** SUMMARY ***
Total pot 460 | Rake 0 
Board [Js Qs 8c 4c Ks]
Seat 1: LGPRENDES (small blind) folded on the Flop
Seat 2: Messi_br (big blind) collected (460)
Seat 4: FJara07 folded on the River
Seat 5: ptnr7 folded before Flop (didn't bet)
Seat 6: beça07 folded before Flop (didn't bet)
Seat 7: flagao folded before Flop (didn't bet)
Seat 8: fecomunale folded before Flop (didn't bet)
Seat 9: BrunoPasqual (button) folded on the River



PokerStars Home Game Hand #212021596344: {Club #3217684} Tournament #2865029302, 17000+3000 Hold'em No Limit - Level IV (30/60) - 2020/04/14 21:09:49 ET
Table '2865029302 2' 9-max Seat #1 is the button
Seat 1: LGPRENDES (10750 in chips) 
Seat 2: Messi_br (10165 in chips) 
Seat 4: FJara07 (11840 in chips) 
Seat 5: ptnr7 (9060 in chips) 
Seat 6: beça07 (7745 in chips) 
Seat 7: flagao (8320 in chips) 
Seat 8: fecomunale (8635 in chips) 
Seat 9: BrunoPasqual (23485 in chips) 
LGPRENDES: posts the ante 5
Messi_br: posts the ante 5
FJara07: posts the ante 5
ptnr7: posts the ante 5
beça07: posts the ante 5
flagao: posts the ante 5
fecomunale: posts the ante 5
BrunoPasqual: posts the ante 5
Messi_br: posts small blind 30
FJara07: posts big blind 60
*** HOLE CARDS ***
Dealt to flagao [4d 9d]
ptnr7: folds 
beça07: folds 
flagao: folds 
fecomunale: calls 60
BrunoPasqual: calls 60
LGPRENDES: raises 60 to 120
Messi_br: folds 
FJara07: folds 
fecomunale: raises 60 to 180
BrunoPasqual: calls 120
LGPRENDES: calls 60
*** FLOP *** [Kh Tc Ad]
fecomunale: bets 335
BrunoPasqual: folds 
LGPRENDES: calls 335
*** TURN *** [Kh Tc Ad] [2h]
fecomunale: bets 670
LGPRENDES: folds 
Uncalled bet (670) returned to fecomunale
fecomunale collected 1340 from pot
fecomunale: doesn't show hand 
*** SUMMARY ***
Total pot 1340 | Rake 0 
Board [Kh Tc Ad 2h]
Seat 1: LGPRENDES (button) folded on the Turn
Seat 2: Messi_br (small blind) folded before Flop
Seat 4: FJara07 (big blind) folded before Flop
Seat 5: ptnr7 folded before Flop (didn't bet)
Seat 6: beça07 folded before Flop (didn't bet)
Seat 7: flagao folded before Flop (didn't bet)
Seat 8: fecomunale collected (1340)
Seat 9: BrunoPasqual folded on the Flop



PokerStars Home Game Hand #212021651536: {Club #3217684} Tournament #2865029302, 17000+3000 Hold'em No Limit - Level IV (30/60) - 2020/04/14 21:11:14 ET
Table '2865029302 2' 9-max Seat #2 is the button
Seat 1: LGPRENDES (10230 in chips) 
Seat 2: Messi_br (10130 in chips) 
Seat 4: FJara07 (11775 in chips) 
Seat 5: ptnr7 (9055 in chips) 
Seat 6: beça07 (7740 in chips) 
Seat 7: flagao (8315 in chips) 
Seat 8: fecomunale (9455 in chips) 
Seat 9: BrunoPasqual (23300 in chips) 
LGPRENDES: posts the ante 5
Messi_br: posts the ante 5
FJara07: posts the ante 5
ptnr7: posts the ante 5
beça07: posts the ante 5
flagao: posts the ante 5
fecomunale: posts the ante 5
BrunoPasqual: posts the ante 5
FJara07: posts small blind 30
ptnr7: posts big blind 60
*** HOLE CARDS ***
Dealt to flagao [7s Kc]
beça07: calls 60
flagao: folds 
fecomunale: folds 
BrunoPasqual: raises 120 to 180
LGPRENDES: folds 
Messi_br: folds 
FJara07: folds 
ptnr7: calls 120
beça07: calls 120
*** FLOP *** [Tc 5h 6s]
ptnr7: bets 305
beça07: folds 
BrunoPasqual: calls 305
*** TURN *** [Tc 5h 6s] [4s]
ptnr7: bets 610
BrunoPasqual: folds 
Uncalled bet (610) returned to ptnr7
ptnr7 collected 1220 from pot
ptnr7: doesn't show hand 
*** SUMMARY ***
Total pot 1220 | Rake 0 
Board [Tc 5h 6s 4s]
Seat 1: LGPRENDES folded before Flop (didn't bet)
Seat 2: Messi_br (button) folded before Flop (didn't bet)
Seat 4: FJara07 (small blind) folded before Flop
Seat 5: ptnr7 (big blind) collected (1220)
Seat 6: beça07 folded on the Flop
Seat 7: flagao folded before Flop (didn't bet)
Seat 8: fecomunale folded before Flop (didn't bet)
Seat 9: BrunoPasqual folded on the Turn



PokerStars Home Game Hand #212021679308: {Club #3217684} Tournament #2865029302, 17000+3000 Hold'em No Limit - Level IV (30/60) - 2020/04/14 21:11:59 ET
Table '2865029302 2' 9-max Seat #4 is the button
Seat 1: LGPRENDES (10225 in chips) 
Seat 2: Messi_br (10125 in chips) 
Seat 4: FJara07 (11740 in chips) 
Seat 5: ptnr7 (9785 in chips) 
Seat 6: beça07 (7555 in chips) 
Seat 7: flagao (8310 in chips) 
Seat 8: fecomunale (9450 in chips) 
Seat 9: BrunoPasqual (22810 in chips) 
LGPRENDES: posts the ante 5
Messi_br: posts the ante 5
FJara07: posts the ante 5
ptnr7: posts the ante 5
beça07: posts the ante 5
flagao: posts the ante 5
fecomunale: posts the ante 5
BrunoPasqual: posts the ante 5
ptnr7: posts small blind 30
beça07: posts big blind 60
*** HOLE CARDS ***
Dealt to flagao [Qh 2s]
flagao: folds 
fecomunale: calls 60
BrunoPasqual: calls 60
LGPRENDES: calls 60
Messi_br: raises 60 to 120
FJara07: folds 
ptnr7: folds 
beça07: calls 60
fecomunale: calls 60
BrunoPasqual: calls 60
LGPRENDES: calls 60
*** FLOP *** [8s 6s Ks]
beça07 said, "toma no seu cu"
beça07: checks 
fecomunale: checks 
BrunoPasqual: checks 
LGPRENDES: checks 
Messi_br: checks 
*** TURN *** [8s 6s Ks] [Kc]
beça07: bets 300
fecomunale: folds 
BrunoPasqual: calls 300
LGPRENDES: calls 300
Messi_br: calls 300
*** RIVER *** [8s 6s Ks Kc] [7s]
beça07: checks 
BrunoPasqual: checks 
LGPRENDES: bets 935
Messi_br: folds 
beça07: folds 
BrunoPasqual: calls 935
*** SHOW DOWN ***
LGPRENDES: shows [Kh 9c] (three of a kind, Kings)
BrunoPasqual: shows [7d 9s] (a flush, King high)
BrunoPasqual collected 3740 from pot
*** SUMMARY ***
Total pot 3740 | Rake 0 
Board [8s 6s Ks Kc 7s]
Seat 1: LGPRENDES showed [Kh 9c] and lost with three of a kind, Kings
Seat 2: Messi_br folded on the River
Seat 4: FJara07 (button) folded before Flop (didn't bet)
Seat 5: ptnr7 (small blind) folded before Flop
Seat 6: beça07 (big blind) folded on the River
Seat 7: flagao folded before Flop (didn't bet)
Seat 8: fecomunale folded on the Turn
Seat 9: BrunoPasqual showed [7d 9s] and won (3740) with a flush, King high



PokerStars Home Game Hand #212021744558: {Club #3217684} Tournament #2865029302, 17000+3000 Hold'em No Limit - Level IV (30/60) - 2020/04/14 21:13:29 ET
Table '2865029302 2' 9-max Seat #5 is the button
Seat 1: LGPRENDES (8865 in chips) 
Seat 2: Messi_br (9700 in chips) 
Seat 4: FJara07 (11735 in chips) 
Seat 5: ptnr7 (9750 in chips) 
Seat 6: beça07 (7130 in chips) 
Seat 7: flagao (8305 in chips) 
Seat 8: fecomunale (9325 in chips) 
Seat 9: BrunoPasqual (25190 in chips) 
LGPRENDES: posts the ante 5
Messi_br: posts the ante 5
FJara07: posts the ante 5
ptnr7: posts the ante 5
beça07: posts the ante 5
flagao: posts the ante 5
fecomunale: posts the ante 5
BrunoPasqual: posts the ante 5
beça07: posts small blind 30
flagao: posts big blind 60
*** HOLE CARDS ***
Dealt to flagao [Kc 9d]
fecomunale: folds 
BrunoPasqual: calls 60
LGPRENDES: calls 60
Messi_br: folds 
FJara07: raises 60 to 120
ptnr7: folds 
beça07: calls 90
flagao: calls 60
BrunoPasqual: calls 60
LGPRENDES: calls 60
*** FLOP *** [9h 5s Ac]
beça07: checks 
flagao: checks 
BrunoPasqual: checks 
LGPRENDES: checks 
FJara07: bets 240
beça07: folds 
flagao: folds 
BrunoPasqual: calls 240
LGPRENDES: folds 
*** TURN *** [9h 5s Ac] [Th]
BrunoPasqual: checks 
FJara07: checks 
*** RIVER *** [9h 5s Ac Th] [Ks]
BrunoPasqual: bets 560
FJara07: calls 560
*** SHOW DOWN ***
BrunoPasqual: shows [8s 6s] (high card Ace)
FJara07: shows [8h Ah] (a pair of Aces)
FJara07 collected 2240 from pot
*** SUMMARY ***
Total pot 2240 | Rake 0 
Board [9h 5s Ac Th Ks]
Seat 1: LGPRENDES folded on the Flop
Seat 2: Messi_br folded before Flop (didn't bet)
Seat 4: FJara07 showed [8h Ah] and won (2240) with a pair of Aces
Seat 5: ptnr7 (button) folded before Flop (didn't bet)
Seat 6: beça07 (small blind) folded on the Flop
Seat 7: flagao (big blind) folded on the Flop
Seat 8: fecomunale folded before Flop (didn't bet)
Seat 9: BrunoPasqual showed [8s 6s] and lost with high card Ace



PokerStars Home Game Hand #212021797547: {Club #3217684} Tournament #2865029302, 17000+3000 Hold'em No Limit - Level IV (30/60) - 2020/04/14 21:14:38 ET
Table '2865029302 2' 9-max Seat #6 is the button
Seat 1: LGPRENDES (8740 in chips) 
Seat 2: Messi_br (9695 in chips) 
Seat 4: FJara07 (13050 in chips) 
Seat 5: ptnr7 (9745 in chips) 
Seat 6: beça07 (7005 in chips) 
Seat 7: flagao (8180 in chips) 
Seat 8: fecomunale (9320 in chips) 
Seat 9: BrunoPasqual (24265 in chips) 
LGPRENDES: posts the ante 5
Messi_br: posts the ante 5
FJara07: posts the ante 5
ptnr7: posts the ante 5
beça07: posts the ante 5
flagao: posts the ante 5
fecomunale: posts the ante 5
BrunoPasqual: posts the ante 5
flagao: posts small blind 30
fecomunale: posts big blind 60
*** HOLE CARDS ***
Dealt to flagao [5c Td]
BrunoPasqual: calls 60
LGPRENDES: folds 
Messi_br: calls 60
FJara07: folds 
ptnr7: calls 60
beça07: folds 
flagao: folds 
fecomunale: checks 
*** FLOP *** [Kd 4h 3h]
fecomunale: checks 
BrunoPasqual: checks 
Messi_br: checks 
ptnr7: checks 
*** TURN *** [Kd 4h 3h] [Kh]
fecomunale: checks 
BrunoPasqual: checks 
Messi_br: checks 
ptnr7: checks 
*** RIVER *** [Kd 4h 3h Kh] [6c]
fecomunale: checks 
BrunoPasqual: checks 
Messi_br: checks 
ptnr7: checks 
*** SHOW DOWN ***
fecomunale: shows [Qd 4c] (two pair, Kings and Fours)
BrunoPasqual: mucks hand 
Messi_br: mucks hand 
ptnr7: mucks hand 
fecomunale collected 310 from pot
*** SUMMARY ***
Total pot 310 | Rake 0 
Board [Kd 4h 3h Kh 6c]
Seat 1: LGPRENDES folded before Flop (didn't bet)
Seat 2: Messi_br mucked [9d 8h]
Seat 4: FJara07 folded before Flop (didn't bet)
Seat 5: ptnr7 mucked [2d Qs]
Seat 6: beça07 (button) folded before Flop (didn't bet)
Seat 7: flagao (small blind) folded before Flop
Seat 8: fecomunale (big blind) showed [Qd 4c] and won (310) with two pair, Kings and Fours
Seat 9: BrunoPasqual mucked [2s Qc]



PokerStars Home Game Hand #212021850021: {Club #3217684} Tournament #2865029302, 17000+3000 Hold'em No Limit - Level IV (30/60) - 2020/04/14 21:16:02 ET
Table '2865029302 2' 9-max Seat #7 is the button
Seat 1: LGPRENDES (8735 in chips) 
Seat 2: Messi_br (9630 in chips) 
Seat 4: FJara07 (13045 in chips) 
Seat 5: ptnr7 (9680 in chips) 
Seat 6: beça07 (7000 in chips) 
Seat 7: flagao (8145 in chips) 
Seat 8: fecomunale (9565 in chips) 
Seat 9: BrunoPasqual (24200 in chips) 
LGPRENDES: posts the ante 5
Messi_br: posts the ante 5
FJara07: posts the ante 5
ptnr7: posts the ante 5
beça07: posts the ante 5
flagao: posts the ante 5
fecomunale: posts the ante 5
BrunoPasqual: posts the ante 5
fecomunale: posts small blind 30
BrunoPasqual: posts big blind 60
*** HOLE CARDS ***
Dealt to flagao [2d 4h]
LGPRENDES: raises 60 to 120
Messi_br: folds 
FJara07: calls 120
ptnr7: calls 120
beça07: calls 120
flagao: folds 
fecomunale: calls 90
BrunoPasqual: calls 60
*** FLOP *** [Kh Th Qh]
fecomunale: checks 
BrunoPasqual: checks 
LGPRENDES: bets 240
FJara07: folds 
ptnr7: calls 240
beça07: raises 780 to 1020
fecomunale: folds 
BrunoPasqual: folds 
LGPRENDES: calls 780
ptnr7: folds 
*** TURN *** [Kh Th Qh] [3c]
LGPRENDES: checks 
beça07: bets 5855 and is all-in
LGPRENDES: calls 5855
*** RIVER *** [Kh Th Qh 3c] [Qc]
*** SHOW DOWN ***
LGPRENDES: shows [Tc Ah] (two pair, Queens and Tens)
beça07: shows [7h 6h] (a flush, King high)
beça07 collected 14750 from pot
*** SUMMARY ***
Total pot 14750 | Rake 0 
Board [Kh Th Qh 3c Qc]
Seat 1: LGPRENDES showed [Tc Ah] and lost with two pair, Queens and Tens
Seat 2: Messi_br folded before Flop (didn't bet)
Seat 4: FJara07 folded on the Flop
Seat 5: ptnr7 folded on the Flop
Seat 6: beça07 showed [7h 6h] and won (14750) with a flush, King high
Seat 7: flagao (button) folded before Flop (didn't bet)
Seat 8: fecomunale (small blind) folded on the Flop
Seat 9: BrunoPasqual (big blind) folded on the Flop



PokerStars Home Game Hand #212021912358: {Club #3217684} Tournament #2865029302, 17000+3000 Hold'em No Limit - Level V (40/80) - 2020/04/14 21:17:42 ET
Table '2865029302 2' 9-max Seat #8 is the button
Seat 1: LGPRENDES (1735 in chips) 
Seat 2: Messi_br (9625 in chips) 
Seat 4: FJara07 (12920 in chips) 
Seat 5: ptnr7 (9315 in chips) 
Seat 6: beça07 (14750 in chips) 
Seat 7: flagao (8140 in chips) 
Seat 8: fecomunale (9440 in chips) 
Seat 9: BrunoPasqual (24075 in chips) 
LGPRENDES: posts the ante 10
Messi_br: posts the ante 10
FJara07: posts the ante 10
ptnr7: posts the ante 10
beça07: posts the ante 10
flagao: posts the ante 10
fecomunale: posts the ante 10
BrunoPasqual: posts the ante 10
BrunoPasqual: posts small blind 40
LGPRENDES: posts big blind 80
*** HOLE CARDS ***
Dealt to flagao [Th 5h]
Messi_br: calls 80
FJara07: calls 80
ptnr7: folds 
beça07: folds 
flagao: folds 
fecomunale: folds 
BrunoPasqual: calls 40
LGPRENDES: checks 
*** FLOP *** [6c 2h 5d]
BrunoPasqual: checks 
LGPRENDES: checks 
Messi_br: checks 
FJara07: checks 
*** TURN *** [6c 2h 5d] [Js]
BrunoPasqual: checks 
LGPRENDES: checks 
Messi_br: checks 
FJara07: checks 
*** RIVER *** [6c 2h 5d Js] [Qs]
BrunoPasqual: bets 200
LGPRENDES: folds 
Messi_br: folds 
FJara07: calls 200
*** SHOW DOWN ***
BrunoPasqual: shows [Qd 4c] (a pair of Queens)
FJara07: mucks hand 
BrunoPasqual collected 800 from pot
*** SUMMARY ***
Total pot 800 | Rake 0 
Board [6c 2h 5d Js Qs]
Seat 1: LGPRENDES (big blind) folded on the River
Seat 2: Messi_br folded on the River
Seat 4: FJara07 mucked [8c Ac]
Seat 5: ptnr7 folded before Flop (didn't bet)
Seat 6: beça07 folded before Flop (didn't bet)
Seat 7: flagao folded before Flop (didn't bet)
Seat 8: fecomunale (button) folded before Flop (didn't bet)
Seat 9: BrunoPasqual (small blind) showed [Qd 4c] and won (800) with a pair of Queens



PokerStars Home Game Hand #212021957973: {Club #3217684} Tournament #2865029302, 17000+3000 Hold'em No Limit - Level V (40/80) - 2020/04/14 21:18:56 ET
Table '2865029302 2' 9-max Seat #9 is the button
Seat 1: LGPRENDES (1645 in chips) 
Seat 2: Messi_br (9535 in chips) 
Seat 4: FJara07 (12630 in chips) 
Seat 5: ptnr7 (9305 in chips) 
Seat 6: beça07 (14740 in chips) 
Seat 7: flagao (8130 in chips) 
Seat 8: fecomunale (9430 in chips) 
Seat 9: BrunoPasqual (24585 in chips) 
LGPRENDES: posts the ante 10
Messi_br: posts the ante 10
FJara07: posts the ante 10
ptnr7: posts the ante 10
beça07: posts the ante 10
flagao: posts the ante 10
fecomunale: posts the ante 10
BrunoPasqual: posts the ante 10
LGPRENDES: posts small blind 40
Messi_br: posts big blind 80
*** HOLE CARDS ***
Dealt to flagao [4h Js]
FJara07: folds 
ptnr7: folds 
beça07: calls 80
flagao: folds 
fecomunale: calls 80
BrunoPasqual: calls 80
LGPRENDES: raises 160 to 240
Messi_br: calls 160
beça07: calls 160
fecomunale: calls 160
BrunoPasqual: folds 
*** FLOP *** [5h 7s 7d]
LGPRENDES: bets 240
Messi_br: folds 
beça07: calls 240
fecomunale: folds 
*** TURN *** [5h 7s 7d] [9d]
LGPRENDES: checks 
beça07: checks 
*** RIVER *** [5h 7s 7d 9d] [As]
LGPRENDES: bets 1155 and is all-in
beça07: folds 
Uncalled bet (1155) returned to LGPRENDES
LGPRENDES collected 1600 from pot
LGPRENDES: doesn't show hand 
*** SUMMARY ***
Total pot 1600 | Rake 0 
Board [5h 7s 7d 9d As]
Seat 1: LGPRENDES (small blind) collected (1600)
Seat 2: Messi_br (big blind) folded on the Flop
Seat 4: FJara07 folded before Flop (didn't bet)
Seat 5: ptnr7 folded before Flop (didn't bet)
Seat 6: beça07 folded on the River
Seat 7: flagao folded before Flop (didn't bet)
Seat 8: fecomunale folded on the Flop
Seat 9: BrunoPasqual (button) folded before Flop



PokerStars Home Game Hand #212022020619: {Club #3217684} Tournament #2865029302, 17000+3000 Hold'em No Limit - Level V (40/80) - 2020/04/14 21:20:22 ET
Table '2865029302 2' 9-max Seat #1 is the button
Seat 1: LGPRENDES (2755 in chips) 
Seat 2: Messi_br (9285 in chips) 
Seat 4: FJara07 (12620 in chips) 
Seat 5: ptnr7 (9295 in chips) 
Seat 6: beça07 (14250 in chips) 
Seat 7: flagao (8120 in chips) 
Seat 8: fecomunale (9180 in chips) 
Seat 9: BrunoPasqual (24495 in chips) 
LGPRENDES: posts the ante 10
Messi_br: posts the ante 10
FJara07: posts the ante 10
ptnr7: posts the ante 10
beça07: posts the ante 10
flagao: posts the ante 10
fecomunale: posts the ante 10
BrunoPasqual: posts the ante 10
Messi_br: posts small blind 40
FJara07: posts big blind 80
*** HOLE CARDS ***
Dealt to flagao [Ts Qd]
ptnr7: folds 
beça07: folds 
flagao: raises 160 to 240
fecomunale: folds 
BrunoPasqual: calls 240
LGPRENDES: folds 
Messi_br: folds 
FJara07: folds 
*** FLOP *** [4s 6c 5d]
flagao: checks 
BrunoPasqual: bets 340
flagao: folds 
Uncalled bet (340) returned to BrunoPasqual
BrunoPasqual collected 680 from pot
BrunoPasqual: doesn't show hand 
*** SUMMARY ***
Total pot 680 | Rake 0 
Board [4s 6c 5d]
Seat 1: LGPRENDES (button) folded before Flop (didn't bet)
Seat 2: Messi_br (small blind) folded before Flop
Seat 4: FJara07 (big blind) folded before Flop
Seat 5: ptnr7 folded before Flop (didn't bet)
Seat 6: beça07 folded before Flop (didn't bet)
Seat 7: flagao folded on the Flop
Seat 8: fecomunale folded before Flop (didn't bet)
Seat 9: BrunoPasqual collected (680)



PokerStars Home Game Hand #212022052074: {Club #3217684} Tournament #2865029302, 17000+3000 Hold'em No Limit - Level V (40/80) - 2020/04/14 21:21:14 ET
Table '2865029302 2' 9-max Seat #2 is the button
Seat 1: LGPRENDES (2745 in chips) 
Seat 2: Messi_br (9235 in chips) 
Seat 4: FJara07 (12530 in chips) 
Seat 5: ptnr7 (9285 in chips) 
Seat 6: beça07 (14240 in chips) 
Seat 7: flagao (7870 in chips) 
Seat 8: fecomunale (9170 in chips) 
Seat 9: BrunoPasqual (24925 in chips) 
LGPRENDES: posts the ante 10
Messi_br: posts the ante 10
FJara07: posts the ante 10
ptnr7: posts the ante 10
beça07: posts the ante 10
flagao: posts the ante 10
fecomunale: posts the ante 10
BrunoPasqual: posts the ante 10
FJara07: posts small blind 40
ptnr7: posts big blind 80
*** HOLE CARDS ***
Dealt to flagao [4s Ks]
beça07: folds 
flagao: folds 
fecomunale: folds 
BrunoPasqual: calls 80
LGPRENDES: folds 
Messi_br: calls 80
FJara07: folds 
ptnr7: checks 
*** FLOP *** [6c 4d Qs]
ptnr7: checks 
BrunoPasqual: checks 
Messi_br: checks 
*** TURN *** [6c 4d Qs] [Ad]
ptnr7: bets 360
BrunoPasqual: folds 
Messi_br: folds 
Uncalled bet (360) returned to ptnr7
ptnr7 collected 360 from pot
ptnr7: doesn't show hand 
*** SUMMARY ***
Total pot 360 | Rake 0 
Board [6c 4d Qs Ad]
Seat 1: LGPRENDES folded before Flop (didn't bet)
Seat 2: Messi_br (button) folded on the Turn
Seat 4: FJara07 (small blind) folded before Flop
Seat 5: ptnr7 (big blind) collected (360)
Seat 6: beça07 folded before Flop (didn't bet)
Seat 7: flagao folded before Flop (didn't bet)
Seat 8: fecomunale folded before Flop (didn't bet)
Seat 9: BrunoPasqual folded on the Turn



PokerStars Home Game Hand #212022097707: {Club #3217684} Tournament #2865029302, 17000+3000 Hold'em No Limit - Level V (40/80) - 2020/04/14 21:22:28 ET
Table '2865029302 2' 9-max Seat #4 is the button
Seat 1: LGPRENDES (2735 in chips) 
Seat 2: Messi_br (9145 in chips) 
Seat 4: FJara07 (12480 in chips) 
Seat 5: ptnr7 (9555 in chips) 
Seat 6: beça07 (14230 in chips) 
Seat 7: flagao (7860 in chips) 
Seat 8: fecomunale (9160 in chips) 
Seat 9: BrunoPasqual (24835 in chips) 
LGPRENDES: posts the ante 10
Messi_br: posts the ante 10
FJara07: posts the ante 10
ptnr7: posts the ante 10
beça07: posts the ante 10
flagao: posts the ante 10
fecomunale: posts the ante 10
BrunoPasqual: posts the ante 10
ptnr7: posts small blind 40
beça07: posts big blind 80
*** HOLE CARDS ***
Dealt to flagao [8c 6h]
flagao: folds 
fecomunale: raises 160 to 240
BrunoPasqual: folds 
LGPRENDES: folds 
Messi_br: folds 
FJara07: folds 
beça07 said, "sua bixa"
ptnr7: raises 640 to 880
beça07: folds 
fecomunale: calls 640
*** FLOP *** [3d 9c 4c]
ptnr7: bets 960
fecomunale: calls 960
*** TURN *** [3d 9c 4c] [Th]
ptnr7: bets 1920
fecomunale: calls 1920
*** RIVER *** [3d 9c 4c Th] [9d]
ptnr7: checks 
fecomunale: bets 5390 and is all-in
ptnr7: folds 
Uncalled bet (5390) returned to fecomunale
fecomunale said, "fdppp"
fecomunale collected 7680 from pot
fecomunale: doesn't show hand 
fecomunale said, "paga"
*** SUMMARY ***
Total pot 7680 | Rake 0 
Board [3d 9c 4c Th 9d]
Seat 1: LGPRENDES folded before Flop (didn't bet)
Seat 2: Messi_br folded before Flop (didn't bet)
Seat 4: FJara07 (button) folded before Flop (didn't bet)
Seat 5: ptnr7 (small blind) folded on the River
Seat 6: beça07 (big blind) folded before Flop
Seat 7: flagao folded before Flop (didn't bet)
Seat 8: fecomunale collected (7680)
Seat 9: BrunoPasqual folded before Flop (didn't bet)



PokerStars Home Game Hand #212022141115: {Club #3217684} Tournament #2865029302, 17000+3000 Hold'em No Limit - Level V (40/80) - 2020/04/14 21:23:39 ET
Table '2865029302 2' 9-max Seat #5 is the button
Seat 1: LGPRENDES (2725 in chips) 
Seat 2: Messi_br (9135 in chips) 
Seat 4: FJara07 (12470 in chips) 
Seat 5: ptnr7 (5785 in chips) 
Seat 6: beça07 (14140 in chips) 
Seat 7: flagao (7850 in chips) 
Seat 8: fecomunale (13070 in chips) 
Seat 9: BrunoPasqual (24825 in chips) 
LGPRENDES: posts the ante 10
Messi_br: posts the ante 10
FJara07: posts the ante 10
ptnr7: posts the ante 10
beça07: posts the ante 10
flagao: posts the ante 10
fecomunale: posts the ante 10
BrunoPasqual: posts the ante 10
beça07: posts small blind 40
flagao: posts big blind 80
*** HOLE CARDS ***
Dealt to flagao [Ks 7s]
flagao said, "AA?"
fecomunale: folds 
BrunoPasqual: calls 80
LGPRENDES: folds 
Messi_br: folds 
fecomunale said, "JJ"
FJara07: raises 80 to 160
ptnr7: calls 160
beça07: calls 120
flagao: calls 80
BrunoPasqual: calls 80
*** FLOP *** [7d 5h 7c]
beça07: checks 
flagao: checks 
BrunoPasqual: checks 
FJara07: checks 
ptnr7: checks 
*** TURN *** [7d 5h 7c] [Kh]
beça07: checks 
flagao: bets 240
BrunoPasqual: calls 240
FJara07: folds 
ptnr7: calls 240
beça07: folds 
*** RIVER *** [7d 5h 7c Kh] [2c]
flagao: bets 480
BrunoPasqual: folds 
ptnr7: calls 480
*** SHOW DOWN ***
flagao: shows [Ks 7s] (a full house, Sevens full of Kings)
ptnr7: mucks hand 
flagao collected 2560 from pot
*** SUMMARY ***
Total pot 2560 | Rake 0 
Board [7d 5h 7c Kh 2c]
Seat 1: LGPRENDES folded before Flop (didn't bet)
Seat 2: Messi_br folded before Flop (didn't bet)
Seat 4: FJara07 folded on the Turn
Seat 5: ptnr7 (button) mucked [Kc Ts]
Seat 6: beça07 (small blind) folded on the Turn
Seat 7: flagao (big blind) showed [Ks 7s] and won (2560) with a full house, Sevens full of Kings
Seat 8: fecomunale folded before Flop (didn't bet)
Seat 9: BrunoPasqual folded on the River



PokerStars Home Game Hand #212022191282: {Club #3217684} Tournament #2865029302, 17000+3000 Hold'em No Limit - Level V (40/80) - 2020/04/14 21:25:02 ET
Table '2865029302 2' 9-max Seat #6 is the button
Seat 1: LGPRENDES (2715 in chips) 
Seat 2: Messi_br (9125 in chips) 
Seat 4: FJara07 (12300 in chips) 
Seat 5: ptnr7 (4895 in chips) 
Seat 6: beça07 (13970 in chips) 
Seat 7: flagao (9520 in chips) 
Seat 8: fecomunale (13060 in chips) 
Seat 9: BrunoPasqual (24415 in chips) 
LGPRENDES: posts the ante 10
Messi_br: posts the ante 10
FJara07: posts the ante 10
ptnr7: posts the ante 10
beça07: posts the ante 10
flagao: posts the ante 10
fecomunale: posts the ante 10
BrunoPasqual: posts the ante 10
flagao: posts small blind 40
fecomunale: posts big blind 80
*** HOLE CARDS ***
Dealt to flagao [4d As]
BrunoPasqual: folds 
LGPRENDES: folds 
Messi_br: calls 80
FJara07: folds 
ptnr7: raises 160 to 240
beça07: folds 
flagao: folds 
fecomunale: calls 160
Messi_br: calls 160
*** FLOP *** [7s 9h 4h]
fecomunale: checks 
Messi_br: checks 
ptnr7: bets 420
fecomunale: folds 
Messi_br: folds 
Uncalled bet (420) returned to ptnr7
ptnr7 collected 840 from pot
ptnr7: doesn't show hand 
*** SUMMARY ***
Total pot 840 | Rake 0 
Board [7s 9h 4h]
Seat 1: LGPRENDES folded before Flop (didn't bet)
Seat 2: Messi_br folded on the Flop
Seat 4: FJara07 folded before Flop (didn't bet)
Seat 5: ptnr7 collected (840)
Seat 6: beça07 (button) folded before Flop (didn't bet)
Seat 7: flagao (small blind) folded before Flop
Seat 8: fecomunale (big blind) folded on the Flop
Seat 9: BrunoPasqual folded before Flop (didn't bet)



PokerStars Home Game Hand #212022224882: {Club #3217684} Tournament #2865029302, 17000+3000 Hold'em No Limit - Level V (40/80) - 2020/04/14 21:25:57 ET
Table '2865029302 2' 9-max Seat #7 is the button
Seat 1: LGPRENDES (2705 in chips) 
Seat 2: Messi_br (8875 in chips) 
Seat 4: FJara07 (12290 in chips) 
Seat 5: ptnr7 (5485 in chips) 
Seat 6: beça07 (13960 in chips) 
Seat 7: flagao (9470 in chips) 
Seat 8: fecomunale (12810 in chips) 
Seat 9: BrunoPasqual (24405 in chips) 
LGPRENDES: posts the ante 10
Messi_br: posts the ante 10
FJara07: posts the ante 10
ptnr7: posts the ante 10
beça07: posts the ante 10
flagao: posts the ante 10
fecomunale: posts the ante 10
BrunoPasqual: posts the ante 10
fecomunale: posts small blind 40
BrunoPasqual: posts big blind 80
*** HOLE CARDS ***
Dealt to flagao [6h 8d]
LGPRENDES: folds 
Messi_br: calls 80
FJara07: raises 160 to 240
ptnr7: folds 
beça07: folds 
flagao: folds 
fecomunale: folds 
BrunoPasqual: calls 160
Messi_br: calls 160
*** FLOP *** [Td Jh 4d]
BrunoPasqual: checks 
Messi_br: checks 
FJara07: bets 480
BrunoPasqual: calls 480
Messi_br: folds 
*** TURN *** [Td Jh 4d] [Kd]
BrunoPasqual: checks 
FJara07: bets 1040
BrunoPasqual: calls 1040
*** RIVER *** [Td Jh 4d Kd] [Qh]
BrunoPasqual: checks 
FJara07: checks 
*** SHOW DOWN ***
BrunoPasqual: shows [Ah 4h] (a straight, Ten to Ace)
FJara07: shows [Jd Ad] (a flush, Ace high)
FJara07 collected 3880 from pot
*** SUMMARY ***
Total pot 3880 | Rake 0 
Board [Td Jh 4d Kd Qh]
Seat 1: LGPRENDES folded before Flop (didn't bet)
Seat 2: Messi_br folded on the Flop
Seat 4: FJara07 showed [Jd Ad] and won (3880) with a flush, Ace high
Seat 5: ptnr7 folded before Flop (didn't bet)
Seat 6: beça07 folded before Flop (didn't bet)
Seat 7: flagao (button) folded before Flop (didn't bet)
Seat 8: fecomunale (small blind) folded before Flop
Seat 9: BrunoPasqual (big blind) showed [Ah 4h] and lost with a straight, Ten to Ace



PokerStars Home Game Hand #212022285549: {Club #3217684} Tournament #2865029302, 17000+3000 Hold'em No Limit - Level VI (50/100) - 2020/04/14 21:27:35 ET
Table '2865029302 2' 9-max Seat #8 is the button
Seat 1: LGPRENDES (2695 in chips) 
Seat 2: Messi_br (8625 in chips) 
Seat 4: FJara07 (14400 in chips) 
Seat 5: ptnr7 (5475 in chips) 
Seat 6: beça07 (13950 in chips) 
Seat 7: flagao (9460 in chips) 
Seat 8: fecomunale (12760 in chips) 
Seat 9: BrunoPasqual (22635 in chips) 
LGPRENDES: posts the ante 10
Messi_br: posts the ante 10
FJara07: posts the ante 10
ptnr7: posts the ante 10
beça07: posts the ante 10
flagao: posts the ante 10
fecomunale: posts the ante 10
BrunoPasqual: posts the ante 10
BrunoPasqual: posts small blind 50
LGPRENDES: posts big blind 100
*** HOLE CARDS ***
Dealt to flagao [Tc 3c]
Messi_br: raises 100 to 200
FJara07: folds 
ptnr7: folds 
beça07: folds 
flagao: folds 
fecomunale: folds 
BrunoPasqual: calls 150
LGPRENDES: calls 100
*** FLOP *** [7d 6s 4s]
BrunoPasqual: checks 
LGPRENDES: checks 
Messi_br: checks 
*** TURN *** [7d 6s 4s] [3h]
BrunoPasqual: checks 
LGPRENDES: checks 
Messi_br: checks 
*** RIVER *** [7d 6s 4s 3h] [3d]
BrunoPasqual: bets 100
LGPRENDES: calls 100
Messi_br: calls 100
*** SHOW DOWN ***
BrunoPasqual: shows [6h Kc] (two pair, Sixes and Threes)
LGPRENDES: mucks hand 
Messi_br: mucks hand 
BrunoPasqual collected 980 from pot
*** SUMMARY ***
Total pot 980 | Rake 0 
Board [7d 6s 4s 3h 3d]
Seat 1: LGPRENDES (big blind) mucked [Kh 9c]
Seat 2: Messi_br mucked [Kd Jc]
Seat 4: FJara07 folded before Flop (didn't bet)
Seat 5: ptnr7 folded before Flop (didn't bet)
Seat 6: beça07 folded before Flop (didn't bet)
Seat 7: flagao folded before Flop (didn't bet)
Seat 8: fecomunale (button) folded before Flop (didn't bet)
Seat 9: BrunoPasqual (small blind) showed [6h Kc] and won (980) with two pair, Sixes and Threes



PokerStars Home Game Hand #212022314153: {Club #3217684} Tournament #2865029302, 17000+3000 Hold'em No Limit - Level VI (50/100) - 2020/04/14 21:28:13 ET
Table '2865029302 2' 9-max Seat #9 is the button
Seat 1: LGPRENDES (2385 in chips) 
Seat 2: Messi_br (8315 in chips) 
Seat 4: FJara07 (14390 in chips) 
Seat 5: ptnr7 (5465 in chips) 
Seat 6: beça07 (13940 in chips) 
Seat 7: flagao (9450 in chips) 
Seat 8: fecomunale (12750 in chips) 
Seat 9: BrunoPasqual (23305 in chips) 
LGPRENDES: posts the ante 10
Messi_br: posts the ante 10
FJara07: posts the ante 10
ptnr7: posts the ante 10
beça07: posts the ante 10
flagao: posts the ante 10
fecomunale: posts the ante 10
BrunoPasqual: posts the ante 10
LGPRENDES: posts small blind 50
Messi_br: posts big blind 100
*** HOLE CARDS ***
Dealt to flagao [Ac 4s]
FJara07: folds 
ptnr7: folds 
beça07: raises 300 to 400
flagao: folds 
fecomunale: calls 400
BrunoPasqual: calls 400
LGPRENDES: folds 
Messi_br: raises 300 to 700
beça07: calls 300
fecomunale: calls 300
BrunoPasqual: calls 300
*** FLOP *** [4h 2d 9s]
Messi_br: checks 
beça07: checks 
fecomunale: checks 
BrunoPasqual: checks 
*** TURN *** [4h 2d 9s] [5d]
Messi_br: checks 
beça07: checks 
fecomunale: checks 
BrunoPasqual: checks 
*** RIVER *** [4h 2d 9s 5d] [4c]
Messi_br: checks 
beça07: checks 
fecomunale: checks 
BrunoPasqual: checks 
*** SHOW DOWN ***
Messi_br: shows [Jc Qh] (a pair of Fours)
beça07: shows [Kh Js] (a pair of Fours - King kicker)
fecomunale: mucks hand 
BrunoPasqual: mucks hand 
beça07 collected 2930 from pot
*** SUMMARY ***
Total pot 2930 | Rake 0 
Board [4h 2d 9s 5d 4c]
Seat 1: LGPRENDES (small blind) folded before Flop
Seat 2: Messi_br (big blind) showed [Jc Qh] and lost with a pair of Fours
Seat 4: FJara07 folded before Flop (didn't bet)
Seat 5: ptnr7 folded before Flop (didn't bet)
Seat 6: beça07 showed [Kh Js] and won (2930) with a pair of Fours
Seat 7: flagao folded before Flop (didn't bet)
Seat 8: fecomunale mucked [Td Kd]
Seat 9: BrunoPasqual (button) mucked [Ks 7d]



PokerStars Home Game Hand #212022376126: {Club #3217684} Tournament #2865029302, 17000+3000 Hold'em No Limit - Level VI (50/100) - 2020/04/14 21:29:51 ET
Table '2865029302 2' 9-max Seat #1 is the button
Seat 1: LGPRENDES (2325 in chips) 
Seat 2: Messi_br (7605 in chips) 
Seat 4: FJara07 (14380 in chips) 
Seat 5: ptnr7 (5455 in chips) 
Seat 6: beça07 (16160 in chips) 
Seat 7: flagao (9440 in chips) 
Seat 8: fecomunale (12040 in chips) 
Seat 9: BrunoPasqual (22595 in chips) 
LGPRENDES: posts the ante 10
Messi_br: posts the ante 10
FJara07: posts the ante 10
ptnr7: posts the ante 10
beça07: posts the ante 10
flagao: posts the ante 10
fecomunale: posts the ante 10
BrunoPasqual: posts the ante 10
Messi_br: posts small blind 50
FJara07: posts big blind 100
*** HOLE CARDS ***
Dealt to flagao [7c Js]
ptnr7: folds 
beça07: calls 100
flagao: folds 
fecomunale: folds 
BrunoPasqual: calls 100
LGPRENDES: calls 100
Messi_br: calls 50
FJara07: checks 
*** FLOP *** [2d 4s Jh]
Messi_br: checks 
FJara07: checks 
beça07: checks 
BrunoPasqual: checks 
LGPRENDES: bets 100
Messi_br: folds 
FJara07: folds 
beça07: folds 
BrunoPasqual: calls 100
*** TURN *** [2d 4s Jh] [4h]
BrunoPasqual: checks 
LGPRENDES: checks 
*** RIVER *** [2d 4s Jh 4h] [2c]
BrunoPasqual: bets 800
LGPRENDES: calls 800
*** SHOW DOWN ***
BrunoPasqual: shows [Qd 5c] (two pair, Fours and Deuces)
LGPRENDES: shows [7d 7s] (two pair, Sevens and Fours)
LGPRENDES collected 2380 from pot
*** SUMMARY ***
Total pot 2380 | Rake 0 
Board [2d 4s Jh 4h 2c]
Seat 1: LGPRENDES (button) showed [7d 7s] and won (2380) with two pair, Sevens and Fours
Seat 2: Messi_br (small blind) folded on the Flop
Seat 4: FJara07 (big blind) folded on the Flop
Seat 5: ptnr7 folded before Flop (didn't bet)
Seat 6: beça07 folded on the Flop
Seat 7: flagao folded before Flop (didn't bet)
Seat 8: fecomunale folded before Flop (didn't bet)
Seat 9: BrunoPasqual showed [Qd 5c] and lost with two pair, Fours and Deuces



PokerStars Home Game Hand #212022429070: {Club #3217684} Tournament #2865029302, 17000+3000 Hold'em No Limit - Level VI (50/100) - 2020/04/14 21:31:18 ET
Table '2865029302 2' 9-max Seat #2 is the button
Seat 1: LGPRENDES (3695 in chips) 
Seat 2: Messi_br (7495 in chips) 
Seat 4: FJara07 (14270 in chips) 
Seat 5: ptnr7 (5445 in chips) 
Seat 6: beça07 (16050 in chips) 
Seat 7: flagao (9430 in chips) 
Seat 8: fecomunale (12030 in chips) 
Seat 9: BrunoPasqual (21585 in chips) 
LGPRENDES: posts the ante 10
Messi_br: posts the ante 10
FJara07: posts the ante 10
ptnr7: posts the ante 10
beça07: posts the ante 10
flagao: posts the ante 10
fecomunale: posts the ante 10
BrunoPasqual: posts the ante 10
FJara07: posts small blind 50
ptnr7: posts big blind 100
*** HOLE CARDS ***
Dealt to flagao [2s 8d]
beça07: calls 100
flagao: folds 
fecomunale: folds 
BrunoPasqual: raises 200 to 300
LGPRENDES: folds 
Messi_br: folds 
FJara07: folds 
ptnr7: folds 
beça07: calls 200
*** FLOP *** [Qc 4d 4c]
beça07: checks 
BrunoPasqual: bets 415
beça07: calls 415
*** TURN *** [Qc 4d 4c] [7h]
beça07: checks 
BrunoPasqual: bets 830
beça07: calls 830
*** RIVER *** [Qc 4d 4c 7h] [Qd]
beça07: checks 
BrunoPasqual: checks 
*** SHOW DOWN ***
beça07: shows [Kc 9c] (two pair, Queens and Fours)
BrunoPasqual: shows [Th Ad] (two pair, Queens and Fours - Ace kicker)
BrunoPasqual collected 3320 from pot
*** SUMMARY ***
Total pot 3320 | Rake 0 
Board [Qc 4d 4c 7h Qd]
Seat 1: LGPRENDES folded before Flop (didn't bet)
Seat 2: Messi_br (button) folded before Flop (didn't bet)
Seat 4: FJara07 (small blind) folded before Flop
Seat 5: ptnr7 (big blind) folded before Flop
Seat 6: beça07 showed [Kc 9c] and lost with two pair, Queens and Fours
Seat 7: flagao folded before Flop (didn't bet)
Seat 8: fecomunale folded before Flop (didn't bet)
Seat 9: BrunoPasqual showed [Th Ad] and won (3320) with two pair, Queens and Fours



PokerStars Home Game Hand #212022491137: {Club #3217684} Tournament #2865029302, 17000+3000 Hold'em No Limit - Level VI (50/100) - 2020/04/14 21:32:55 ET
Table '2865029302 2' 9-max Seat #4 is the button
Seat 1: LGPRENDES (3685 in chips) 
Seat 2: Messi_br (7485 in chips) 
Seat 4: FJara07 (14210 in chips) 
Seat 5: ptnr7 (5335 in chips) 
Seat 6: beça07 (14495 in chips) 
Seat 7: flagao (9420 in chips) 
Seat 8: fecomunale (12020 in chips) 
Seat 9: BrunoPasqual (23350 in chips) 
LGPRENDES: posts the ante 10
Messi_br: posts the ante 10
FJara07: posts the ante 10
ptnr7: posts the ante 10
beça07: posts the ante 10
flagao: posts the ante 10
fecomunale: posts the ante 10
BrunoPasqual: posts the ante 10
ptnr7: posts small blind 50
beça07: posts big blind 100
*** HOLE CARDS ***
Dealt to flagao [Ah 5h]
flagao: raises 200 to 300
fecomunale: folds 
BrunoPasqual: calls 300
LGPRENDES: folds 
Messi_br: folds 
FJara07: folds 
ptnr7: folds 
beça07: calls 200
*** FLOP *** [9s 8c Qh]
beça07: checks 
flagao: checks 
BrunoPasqual: bets 515
beça07: calls 515
flagao: folds 
*** TURN *** [9s 8c Qh] [Qd]
beça07: checks 
BrunoPasqual: bets 1030
beça07: folds 
Uncalled bet (1030) returned to BrunoPasqual
BrunoPasqual collected 2060 from pot
BrunoPasqual: doesn't show hand 
*** SUMMARY ***
Total pot 2060 | Rake 0 
Board [9s 8c Qh Qd]
Seat 1: LGPRENDES folded before Flop (didn't bet)
Seat 2: Messi_br folded before Flop (didn't bet)
Seat 4: FJara07 (button) folded before Flop (didn't bet)
Seat 5: ptnr7 (small blind) folded before Flop
Seat 6: beça07 (big blind) folded on the Turn
Seat 7: flagao folded on the Flop
Seat 8: fecomunale folded before Flop (didn't bet)
Seat 9: BrunoPasqual collected (2060)



PokerStars Home Game Hand #212022527623: {Club #3217684} Tournament #2865029302, 17000+3000 Hold'em No Limit - Level VI (50/100) - 2020/04/14 21:33:56 ET
Table '2865029302 2' 9-max Seat #5 is the button
Seat 1: LGPRENDES (3675 in chips) 
Seat 2: Messi_br (7475 in chips) 
Seat 4: FJara07 (14200 in chips) 
Seat 5: ptnr7 (5275 in chips) 
Seat 6: beça07 (13670 in chips) 
Seat 7: flagao (9110 in chips) 
Seat 8: fecomunale (12010 in chips) 
Seat 9: BrunoPasqual (24585 in chips) 
LGPRENDES: posts the ante 10
Messi_br: posts the ante 10
FJara07: posts the ante 10
ptnr7: posts the ante 10
beça07: posts the ante 10
flagao: posts the ante 10
fecomunale: posts the ante 10
BrunoPasqual: posts the ante 10
beça07: posts small blind 50
flagao: posts big blind 100
*** HOLE CARDS ***
Dealt to flagao [3h Kc]
fecomunale: calls 100
BrunoPasqual: calls 100
LGPRENDES: folds 
Messi_br: folds 
FJara07: calls 100
ptnr7: calls 100
beça07: calls 50
flagao: checks 
*** FLOP *** [7h 3c 9c]
beça07: checks 
flagao: checks 
fecomunale: checks 
BrunoPasqual: bets 300
FJara07: calls 300
ptnr7: calls 300
beça07: folds 
flagao: calls 300
fecomunale: folds 
*** TURN *** [7h 3c 9c] [Qd]
flagao: checks 
BrunoPasqual: bets 600
FJara07: raises 1000 to 1600
ptnr7: folds 
flagao: folds 
BrunoPasqual: calls 1000
*** RIVER *** [7h 3c 9c Qd] [4h]
BrunoPasqual: checks 
FJara07: bets 1600
BrunoPasqual: calls 1600
*** SHOW DOWN ***
FJara07: shows [Tc Qh] (a pair of Queens)
BrunoPasqual: shows [5c Qc] (a pair of Queens - lower kicker)
FJara07 collected 8280 from pot
*** SUMMARY ***
Total pot 8280 | Rake 0 
Board [7h 3c 9c Qd 4h]
Seat 1: LGPRENDES folded before Flop (didn't bet)
Seat 2: Messi_br folded before Flop (didn't bet)
Seat 4: FJara07 showed [Tc Qh] and won (8280) with a pair of Queens
Seat 5: ptnr7 (button) folded on the Turn
Seat 6: beça07 (small blind) folded on the Flop
Seat 7: flagao (big blind) folded on the Turn
Seat 8: fecomunale folded on the Flop
Seat 9: BrunoPasqual showed [5c Qc] and lost with a pair of Queens



PokerStars Home Game Hand #212022622620: {Club #3217684} Tournament #2865029302, 17000+3000 Hold'em No Limit - Level VI (50/100) - 2020/04/14 21:36:09 ET
Table '2865029302 2' 9-max Seat #6 is the button
Seat 1: LGPRENDES (3665 in chips) 
Seat 2: Messi_br (7465 in chips) 
Seat 4: FJara07 (18870 in chips) 
Seat 5: ptnr7 (4865 in chips) 
Seat 6: beça07 (13560 in chips) 
Seat 7: flagao (8700 in chips) 
Seat 8: fecomunale (11900 in chips) 
Seat 9: BrunoPasqual (20975 in chips) 
LGPRENDES: posts the ante 10
Messi_br: posts the ante 10
FJara07: posts the ante 10
ptnr7: posts the ante 10
beça07: posts the ante 10
flagao: posts the ante 10
fecomunale: posts the ante 10
BrunoPasqual: posts the ante 10
flagao: posts small blind 50
fecomunale: posts big blind 100
*** HOLE CARDS ***
Dealt to flagao [9c Kd]
BrunoPasqual: calls 100
LGPRENDES: folds 
Messi_br: raises 100 to 200
FJara07: folds 
ptnr7: folds 
beça07: folds 
flagao: calls 150
fecomunale: raises 300 to 500
BrunoPasqual: calls 400
Messi_br: calls 300
flagao: folds 
*** FLOP *** [Ac 8h 2s]
fecomunale: checks 
BrunoPasqual: checks 
Messi_br: checks 
*** TURN *** [Ac 8h 2s] [7h]
fecomunale: checks 
BrunoPasqual: bets 890
Messi_br: calls 890
fecomunale: calls 890
*** RIVER *** [Ac 8h 2s 7h] [2c]
fecomunale: checks 
BrunoPasqual: bets 2225
Messi_br: folds 
fecomunale: folds 
Uncalled bet (2225) returned to BrunoPasqual
BrunoPasqual collected 4450 from pot
BrunoPasqual: doesn't show hand 
*** SUMMARY ***
Total pot 4450 | Rake 0 
Board [Ac 8h 2s 7h 2c]
Seat 1: LGPRENDES folded before Flop (didn't bet)
Seat 2: Messi_br folded on the River
Seat 4: FJara07 folded before Flop (didn't bet)
Seat 5: ptnr7 folded before Flop (didn't bet)
Seat 6: beça07 (button) folded before Flop (didn't bet)
Seat 7: flagao (small blind) folded before Flop
Seat 8: fecomunale (big blind) folded on the River
Seat 9: BrunoPasqual collected (4450)



PokerStars Home Game Hand #212022796321: {Club #3217684} Tournament #2865029302, 17000+3000 Hold'em No Limit - Level VII (60/120) - 2020/04/14 21:40:51 ET
Table '2865029302 2' 9-max Seat #7 is the button
Seat 1: LGPRENDES (3655 in chips) 
Seat 2: Messi_br (6065 in chips) 
Seat 4: FJara07 (18860 in chips) 
Seat 5: ptnr7 (4855 in chips) 
Seat 6: beça07 (13550 in chips) 
Seat 7: flagao (8490 in chips) 
Seat 8: fecomunale (10500 in chips) 
Seat 9: BrunoPasqual (24025 in chips) 
LGPRENDES: posts the ante 15
Messi_br: posts the ante 15
FJara07: posts the ante 15
ptnr7: posts the ante 15
beça07: posts the ante 15
flagao: posts the ante 15
fecomunale: posts the ante 15
BrunoPasqual: posts the ante 15
fecomunale: posts small blind 60
BrunoPasqual: posts big blind 120
*** HOLE CARDS ***
Dealt to flagao [5h 4h]
LGPRENDES: folds 
Messi_br: raises 2400 to 2520
FJara07: folds 
ptnr7: folds 
beça07: folds 
flagao: folds 
fecomunale: folds 
Messi_br said, "vai mano ajuda o pai"
Messi_br said, "ajuda ai"
Messi_br said, "uma mao so"
BrunoPasqual: folds 
Uncalled bet (2400) returned to Messi_br
Messi_br collected 420 from pot
Messi_br: doesn't show hand 
*** SUMMARY ***
Total pot 420 | Rake 0 
Seat 1: LGPRENDES folded before Flop (didn't bet)
Seat 2: Messi_br collected (420)
Seat 4: FJara07 folded before Flop (didn't bet)
Seat 5: ptnr7 folded before Flop (didn't bet)
Seat 6: beça07 folded before Flop (didn't bet)
Seat 7: flagao (button) folded before Flop (didn't bet)
Seat 8: fecomunale (small blind) folded before Flop
Seat 9: BrunoPasqual (big blind) folded before Flop



PokerStars Home Game Hand #212022871248: {Club #3217684} Tournament #2865029302, 17000+3000 Hold'em No Limit - Level VII (60/120) - 2020/04/14 21:42:48 ET
Table '2865029302 2' 9-max Seat #8 is the button
Seat 1: LGPRENDES (3640 in chips) 
Seat 2: Messi_br (6350 in chips) 
Seat 4: FJara07 (18845 in chips) 
Seat 5: ptnr7 (4840 in chips) 
Seat 6: beça07 (13535 in chips) 
Seat 7: flagao (8475 in chips) 
Seat 8: fecomunale (10425 in chips) 
Seat 9: BrunoPasqual (23890 in chips) 
LGPRENDES: posts the ante 15
Messi_br: posts the ante 15
FJara07: posts the ante 15
ptnr7: posts the ante 15
beça07: posts the ante 15
flagao: posts the ante 15
fecomunale: posts the ante 15
BrunoPasqual: posts the ante 15
BrunoPasqual: posts small blind 60
LGPRENDES: posts big blind 120
*** HOLE CARDS ***
Dealt to flagao [Jd Js]
Messi_br: folds 
FJara07: calls 120
ptnr7: folds 
beça07: folds 
flagao: raises 360 to 480
fecomunale: folds 
BrunoPasqual: calls 420
LGPRENDES: folds 
FJara07: calls 360
*** FLOP *** [Ts Qc 5s]
BrunoPasqual: checks 
FJara07: checks 
flagao: bets 600
BrunoPasqual: folds 
FJara07: calls 600
*** TURN *** [Ts Qc 5s] [5c]
FJara07: checks 
flagao: checks 
*** RIVER *** [Ts Qc 5s 5c] [9c]
FJara07: checks 
flagao: bets 840
FJara07: folds 
Uncalled bet (840) returned to flagao
flagao collected 2880 from pot
flagao: doesn't show hand 
*** SUMMARY ***
Total pot 2880 | Rake 0 
Board [Ts Qc 5s 5c 9c]
Seat 1: LGPRENDES (big blind) folded before Flop
Seat 2: Messi_br folded before Flop (didn't bet)
Seat 4: FJara07 folded on the River
Seat 5: ptnr7 folded before Flop (didn't bet)
Seat 6: beça07 folded before Flop (didn't bet)
Seat 7: flagao collected (2880)
Seat 8: fecomunale (button) folded before Flop (didn't bet)
Seat 9: BrunoPasqual (small blind) folded on the Flop



PokerStars Home Game Hand #212022931709: {Club #3217684} Tournament #2865029302, 17000+3000 Hold'em No Limit - Level VII (60/120) - 2020/04/14 21:44:14 ET
Table '2865029302 2' 9-max Seat #9 is the button
Seat 1: LGPRENDES (3505 in chips) 
Seat 2: Messi_br (6335 in chips) 
Seat 4: FJara07 (17750 in chips) 
Seat 5: ptnr7 (4825 in chips) 
Seat 6: beça07 (13520 in chips) 
Seat 7: flagao (10260 in chips) 
Seat 8: fecomunale (10410 in chips) 
Seat 9: BrunoPasqual (23395 in chips) 
LGPRENDES: posts the ante 15
Messi_br: posts the ante 15
FJara07: posts the ante 15
ptnr7: posts the ante 15
beça07: posts the ante 15
flagao: posts the ante 15
fecomunale: posts the ante 15
BrunoPasqual: posts the ante 15
LGPRENDES: posts small blind 60
Messi_br: posts big blind 120
*** HOLE CARDS ***
Dealt to flagao [7s Td]
FJara07: folds 
ptnr7: folds 
beça07: folds 
flagao: folds 
fecomunale: calls 120
BrunoPasqual: calls 120
LGPRENDES: calls 60
Messi_br: raises 120 to 240
fecomunale: calls 120
BrunoPasqual: calls 120
LGPRENDES: calls 120
*** FLOP *** [Jh 3d Tc]
LGPRENDES: checks 
Messi_br: checks 
fecomunale: checks 
BrunoPasqual: bets 540
LGPRENDES: folds 
Messi_br: calls 540
fecomunale: folds 
*** TURN *** [Jh 3d Tc] [Ac]
Messi_br: bets 120
BrunoPasqual: calls 120
*** RIVER *** [Jh 3d Tc Ac] [Qc]
Messi_br: checks 
BrunoPasqual: checks 
*** SHOW DOWN ***
Messi_br: shows [Ad 2s] (a pair of Aces)
BrunoPasqual: shows [8s 9h] (a straight, Eight to Queen)
BrunoPasqual collected 2400 from pot
*** SUMMARY ***
Total pot 2400 | Rake 0 
Board [Jh 3d Tc Ac Qc]
Seat 1: LGPRENDES (small blind) folded on the Flop
Seat 2: Messi_br (big blind) showed [Ad 2s] and lost with a pair of Aces
Seat 4: FJara07 folded before Flop (didn't bet)
Seat 5: ptnr7 folded before Flop (didn't bet)
Seat 6: beça07 folded before Flop (didn't bet)
Seat 7: flagao folded before Flop (didn't bet)
Seat 8: fecomunale folded on the Flop
Seat 9: BrunoPasqual (button) showed [8s 9h] and won (2400) with a straight, Eight to Queen



PokerStars Home Game Hand #212022975509: {Club #3217684} Tournament #2865029302, 17000+3000 Hold'em No Limit - Level VII (60/120) - 2020/04/14 21:45:17 ET
Table '2865029302 2' 9-max Seat #1 is the button
Seat 1: LGPRENDES (3250 in chips) 
Seat 2: Messi_br (5420 in chips) 
Seat 4: FJara07 (17735 in chips) 
Seat 5: ptnr7 (4810 in chips) 
Seat 6: beça07 (13505 in chips) 
Seat 7: flagao (10245 in chips) 
Seat 8: fecomunale (10155 in chips) 
Seat 9: BrunoPasqual (24880 in chips) 
LGPRENDES: posts the ante 15
Messi_br: posts the ante 15
FJara07: posts the ante 15
ptnr7: posts the ante 15
beça07: posts the ante 15
flagao: posts the ante 15
fecomunale: posts the ante 15
BrunoPasqual: posts the ante 15
Messi_br: posts small blind 60
FJara07: posts big blind 120
*** HOLE CARDS ***
Dealt to flagao [Th 6h]
ptnr7: folds 
beça07: folds 
flagao: folds 
fecomunale: folds 
BrunoPasqual: calls 120
Messi_br said, "vai sfrrarrrrrrrrrr"
LGPRENDES: folds 
BrunoPasqual said, "<3"
Messi_br said, "todas as maos"
Messi_br: folds 
FJara07: checks 
*** FLOP *** [Kd 2h 9s]
FJara07: bets 240
BrunoPasqual: calls 240
*** TURN *** [Kd 2h 9s] [2d]
FJara07: bets 600
BrunoPasqual: folds 
Uncalled bet (600) returned to FJara07
FJara07 collected 900 from pot
FJara07: doesn't show hand 
*** SUMMARY ***
Total pot 900 | Rake 0 
Board [Kd 2h 9s 2d]
Seat 1: LGPRENDES (button) folded before Flop (didn't bet)
Seat 2: Messi_br (small blind) folded before Flop
Seat 4: FJara07 (big blind) collected (900)
Seat 5: ptnr7 folded before Flop (didn't bet)
Seat 6: beça07 folded before Flop (didn't bet)
Seat 7: flagao folded before Flop (didn't bet)
Seat 8: fecomunale folded before Flop (didn't bet)
Seat 9: BrunoPasqual folded on the Turn



PokerStars Home Game Hand #212023008664: {Club #3217684} Tournament #2865029302, 17000+3000 Hold'em No Limit - Level VII (60/120) - 2020/04/14 21:46:11 ET
Table '2865029302 2' 9-max Seat #2 is the button
Seat 1: LGPRENDES (3235 in chips) 
Seat 2: Messi_br (5345 in chips) 
Seat 4: FJara07 (18260 in chips) 
Seat 5: ptnr7 (4795 in chips) 
Seat 6: beça07 (13490 in chips) 
Seat 7: flagao (10230 in chips) 
Seat 8: fecomunale (10140 in chips) 
Seat 9: BrunoPasqual (24505 in chips) 
LGPRENDES: posts the ante 15
Messi_br: posts the ante 15
FJara07: posts the ante 15
ptnr7: posts the ante 15
beça07: posts the ante 15
flagao: posts the ante 15
fecomunale: posts the ante 15
BrunoPasqual: posts the ante 15
FJara07: posts small blind 60
ptnr7: posts big blind 120
*** HOLE CARDS ***
Dealt to flagao [5h 8c]
beça07: calls 120
flagao: folds 
fecomunale: folds 
BrunoPasqual: calls 120
LGPRENDES: folds 
Messi_br: raises 2160 to 2280
FJara07: folds 
ptnr7: folds 
beça07: folds 
BrunoPasqual: folds 
Uncalled bet (2160) returned to Messi_br
Messi_br collected 660 from pot
Messi_br: doesn't show hand 
*** SUMMARY ***
Total pot 660 | Rake 0 
Seat 1: LGPRENDES folded before Flop (didn't bet)
Seat 2: Messi_br (button) collected (660)
Seat 4: FJara07 (small blind) folded before Flop
Seat 5: ptnr7 (big blind) folded before Flop
Seat 6: beça07 folded before Flop
Seat 7: flagao folded before Flop (didn't bet)
Seat 8: fecomunale folded before Flop (didn't bet)
Seat 9: BrunoPasqual folded before Flop



PokerStars Home Game Hand #212023033888: {Club #3217684} Tournament #2865029302, 17000+3000 Hold'em No Limit - Level VII (60/120) - 2020/04/14 21:46:53 ET
Table '2865029302 2' 9-max Seat #4 is the button
Seat 1: LGPRENDES (3220 in chips) 
Seat 2: Messi_br (5870 in chips) 
Seat 4: FJara07 (18185 in chips) 
Seat 5: ptnr7 (4660 in chips) 
Seat 6: beça07 (13355 in chips) 
Seat 7: flagao (10215 in chips) 
Seat 8: fecomunale (10125 in chips) 
Seat 9: BrunoPasqual (24370 in chips) 
LGPRENDES: posts the ante 15
Messi_br: posts the ante 15
FJara07: posts the ante 15
ptnr7: posts the ante 15
beça07: posts the ante 15
flagao: posts the ante 15
fecomunale: posts the ante 15
BrunoPasqual: posts the ante 15
ptnr7: posts small blind 60
beça07: posts big blind 120
*** HOLE CARDS ***
Dealt to flagao [4c 4d]
flagao: raises 120 to 240
fecomunale: folds 
BrunoPasqual: folds 
LGPRENDES: folds 
Messi_br: folds 
FJara07: folds 
ptnr7: calls 180
beça07: calls 120
*** FLOP *** [5d 7c Tc]
ptnr7: bets 420
beça07: calls 420
flagao: folds 
*** TURN *** [5d 7c Tc] [7s]
ptnr7: bets 840
beça07: calls 840
*** RIVER *** [5d 7c Tc 7s] [6d]
ptnr7: checks 
beça07: bets 3240
ptnr7: folds [Td]
Uncalled bet (3240) returned to beça07
beça07 collected 3360 from pot
beça07: doesn't show hand 
*** SUMMARY ***
Total pot 3360 | Rake 0 
Board [5d 7c Tc 7s 6d]
Seat 1: LGPRENDES folded before Flop (didn't bet)
Seat 2: Messi_br folded before Flop (didn't bet)
Seat 4: FJara07 (button) folded before Flop (didn't bet)
Seat 5: ptnr7 (small blind) folded on the River
Seat 6: beça07 (big blind) collected (3360)
Seat 7: flagao folded on the Flop
Seat 8: fecomunale folded before Flop (didn't bet)
Seat 9: BrunoPasqual folded before Flop (didn't bet)



PokerStars Home Game Hand #212023075061: {Club #3217684} Tournament #2865029302, 17000+3000 Hold'em No Limit - Level VII (60/120) - 2020/04/14 21:48:01 ET
Table '2865029302 2' 9-max Seat #5 is the button
Seat 1: LGPRENDES (3205 in chips) 
Seat 2: Messi_br (5855 in chips) 
Seat 4: FJara07 (18170 in chips) 
Seat 5: ptnr7 (3145 in chips) 
Seat 6: beça07 (15200 in chips) 
Seat 7: flagao (9960 in chips) 
Seat 8: fecomunale (10110 in chips) 
Seat 9: BrunoPasqual (24355 in chips) 
LGPRENDES: posts the ante 15
Messi_br: posts the ante 15
FJara07: posts the ante 15
ptnr7: posts the ante 15
beça07: posts the ante 15
flagao: posts the ante 15
fecomunale: posts the ante 15
BrunoPasqual: posts the ante 15
beça07: posts small blind 60
flagao: posts big blind 120
*** HOLE CARDS ***
Dealt to flagao [Tc 2d]
fecomunale: folds 
BrunoPasqual: calls 120
LGPRENDES: folds 
Messi_br: folds 
FJara07: calls 120
ptnr7: folds 
beça07: calls 60
flagao: checks 
*** FLOP *** [7s Qh Jd]
beça07: checks 
flagao: checks 
BrunoPasqual: checks 
FJara07: checks 
*** TURN *** [7s Qh Jd] [9s]
beça07: checks 
flagao: checks 
BrunoPasqual: bets 300
FJara07: calls 300
beça07: folds 
flagao: folds 
*** RIVER *** [7s Qh Jd 9s] [Ad]
BrunoPasqual: checks 
FJara07: bets 600
BrunoPasqual: calls 600
*** SHOW DOWN ***
FJara07: shows [Ah 9c] (two pair, Aces and Nines)
BrunoPasqual: shows [Js Th] (a pair of Jacks)
FJara07 collected 2400 from pot
*** SUMMARY ***
Total pot 2400 | Rake 0 
Board [7s Qh Jd 9s Ad]
Seat 1: LGPRENDES folded before Flop (didn't bet)
Seat 2: Messi_br folded before Flop (didn't bet)
Seat 4: FJara07 showed [Ah 9c] and won (2400) with two pair, Aces and Nines
Seat 5: ptnr7 (button) folded before Flop (didn't bet)
Seat 6: beça07 (small blind) folded on the Turn
Seat 7: flagao (big blind) folded on the Turn
Seat 8: fecomunale folded before Flop (didn't bet)
Seat 9: BrunoPasqual showed [Js Th] and lost with a pair of Jacks



PokerStars Home Game Hand #212023112791: {Club #3217684} Tournament #2865029302, 17000+3000 Hold'em No Limit - Level VII (60/120) - 2020/04/14 21:49:03 ET
Table '2865029302 2' 9-max Seat #6 is the button
Seat 1: LGPRENDES (3190 in chips) 
Seat 2: Messi_br (5840 in chips) 
Seat 4: FJara07 (19535 in chips) 
Seat 5: ptnr7 (3130 in chips) 
Seat 6: beça07 (15065 in chips) 
Seat 7: flagao (9825 in chips) 
Seat 8: fecomunale (10095 in chips) 
Seat 9: BrunoPasqual (23320 in chips) 
LGPRENDES: posts the ante 15
Messi_br: posts the ante 15
FJara07: posts the ante 15
ptnr7: posts the ante 15
beça07: posts the ante 15
flagao: posts the ante 15
fecomunale: posts the ante 15
BrunoPasqual: posts the ante 15
flagao: posts small blind 60
fecomunale: posts big blind 120
*** HOLE CARDS ***
Dealt to flagao [Js 3h]
BrunoPasqual: folds 
LGPRENDES: folds 
Messi_br: folds 
FJara07: folds 
ptnr7: raises 240 to 360
beça07: folds 
flagao: folds 
fecomunale: folds 
Uncalled bet (240) returned to ptnr7
ptnr7 collected 420 from pot
ptnr7: doesn't show hand 
*** SUMMARY ***
Total pot 420 | Rake 0 
Seat 1: LGPRENDES folded before Flop (didn't bet)
Seat 2: Messi_br folded before Flop (didn't bet)
Seat 4: FJara07 folded before Flop (didn't bet)
Seat 5: ptnr7 collected (420)
Seat 6: beça07 (button) folded before Flop (didn't bet)
Seat 7: flagao (small blind) folded before Flop
Seat 8: fecomunale (big blind) folded before Flop
Seat 9: BrunoPasqual folded before Flop (didn't bet)



PokerStars Home Game Hand #212023137416: {Club #3217684} Tournament #2865029302, 17000+3000 Hold'em No Limit - Level VII (60/120) - 2020/04/14 21:49:32 ET
Table '2865029302 2' 9-max Seat #7 is the button
Seat 1: LGPRENDES (3175 in chips) 
Seat 2: Messi_br (5825 in chips) 
Seat 4: FJara07 (19520 in chips) 
Seat 5: ptnr7 (3415 in chips) 
Seat 6: beça07 (15050 in chips) 
Seat 7: flagao (9750 in chips) 
Seat 8: fecomunale (9960 in chips) 
Seat 9: BrunoPasqual (23305 in chips) 
LGPRENDES: posts the ante 15
Messi_br: posts the ante 15
FJara07: posts the ante 15
ptnr7: posts the ante 15
beça07: posts the ante 15
flagao: posts the ante 15
fecomunale: posts the ante 15
BrunoPasqual: posts the ante 15
fecomunale: posts small blind 60
BrunoPasqual: posts big blind 120
*** HOLE CARDS ***
Dealt to flagao [Kh 6c]
LGPRENDES: folds 
Messi_br: folds 
FJara07: folds 
ptnr7: raises 240 to 360
beça07: calls 360
flagao: folds 
fecomunale: folds 
BrunoPasqual: folds 
*** FLOP *** [5c 7d 2c]
ptnr7: bets 510
beça07: calls 510
*** TURN *** [5c 7d 2c] [9d]
ptnr7: checks 
beça07: bets 1320
ptnr7: folds 
Uncalled bet (1320) returned to beça07
beça07 collected 2040 from pot
beça07: doesn't show hand 
*** SUMMARY ***
Total pot 2040 | Rake 0 
Board [5c 7d 2c 9d]
Seat 1: LGPRENDES folded before Flop (didn't bet)
Seat 2: Messi_br folded before Flop (didn't bet)
Seat 4: FJara07 folded before Flop (didn't bet)
Seat 5: ptnr7 folded on the Turn
Seat 6: beça07 collected (2040)
Seat 7: flagao (button) folded before Flop (didn't bet)
Seat 8: fecomunale (small blind) folded before Flop
Seat 9: BrunoPasqual (big blind) folded before Flop



PokerStars Home Game Hand #212023165613: {Club #3217684} Tournament #2865029302, 17000+3000 Hold'em No Limit - Level VII (60/120) - 2020/04/14 21:50:19 ET
Table '2865029302 2' 9-max Seat #8 is the button
Seat 1: LGPRENDES (3160 in chips) 
Seat 2: Messi_br (5810 in chips) 
Seat 4: FJara07 (19505 in chips) 
Seat 5: ptnr7 (2530 in chips) 
Seat 6: beça07 (16205 in chips) 
Seat 7: flagao (9735 in chips) 
Seat 8: fecomunale (9885 in chips) 
Seat 9: BrunoPasqual (23170 in chips) 
LGPRENDES: posts the ante 15
Messi_br: posts the ante 15
FJara07: posts the ante 15
ptnr7: posts the ante 15
beça07: posts the ante 15
flagao: posts the ante 15
fecomunale: posts the ante 15
BrunoPasqual: posts the ante 15
BrunoPasqual: posts small blind 60
LGPRENDES: posts big blind 120
*** HOLE CARDS ***
Dealt to flagao [4h 3c]
Messi_br: raises 1080 to 1200
FJara07: folds 
ptnr7: folds 
beça07: folds 
flagao: folds 
fecomunale: folds 
BrunoPasqual: folds 
LGPRENDES: folds 
Uncalled bet (1080) returned to Messi_br
Messi_br collected 420 from pot
Messi_br: doesn't show hand 
*** SUMMARY ***
Total pot 420 | Rake 0 
Seat 1: LGPRENDES (big blind) folded before Flop
Seat 2: Messi_br collected (420)
Seat 4: FJara07 folded before Flop (didn't bet)
Seat 5: ptnr7 folded before Flop (didn't bet)
Seat 6: beça07 folded before Flop (didn't bet)
Seat 7: flagao folded before Flop (didn't bet)
Seat 8: fecomunale (button) folded before Flop (didn't bet)
Seat 9: BrunoPasqual (small blind) folded before Flop



PokerStars Home Game Hand #212023186329: {Club #3217684} Tournament #2865029302, 17000+3000 Hold'em No Limit - Level VIII (75/150) - 2020/04/14 21:50:53 ET
Table '2865029302 2' 9-max Seat #9 is the button
Seat 1: LGPRENDES (3025 in chips) 
Seat 2: Messi_br (6095 in chips) 
Seat 4: FJara07 (19490 in chips) 
Seat 5: ptnr7 (2515 in chips) 
Seat 6: beça07 (16190 in chips) 
Seat 7: flagao (9720 in chips) 
Seat 8: fecomunale (9870 in chips) 
Seat 9: BrunoPasqual (23095 in chips) 
LGPRENDES: posts the ante 20
Messi_br: posts the ante 20
FJara07: posts the ante 20
ptnr7: posts the ante 20
beça07: posts the ante 20
flagao: posts the ante 20
fecomunale: posts the ante 20
BrunoPasqual: posts the ante 20
LGPRENDES: posts small blind 75
Messi_br: posts big blind 150
*** HOLE CARDS ***
Dealt to flagao [9h Kd]
FJara07: folds 
ptnr7: folds 
beça07: calls 150
flagao: folds 
fecomunale: calls 150
BrunoPasqual: raises 450 to 600
LGPRENDES: folds 
Messi_br: calls 450
beça07: calls 450
fecomunale: folds 
*** FLOP *** [7s 2d Ts]
Messi_br: checks 
beça07: bets 1200
BrunoPasqual: folds 
Messi_br: calls 1200
*** TURN *** [7s 2d Ts] [Qd]
Messi_br: checks 
beça07: checks 
*** RIVER *** [7s 2d Ts Qd] [3d]
Messi_br: checks 
beça07: checks 
*** SHOW DOWN ***
Messi_br: shows [Jc Qs] (a pair of Queens)
beça07: mucks hand 
Messi_br collected 4585 from pot
*** SUMMARY ***
Total pot 4585 | Rake 0 
Board [7s 2d Ts Qd 3d]
Seat 1: LGPRENDES (small blind) folded before Flop
Seat 2: Messi_br (big blind) showed [Jc Qs] and won (4585) with a pair of Queens
Seat 4: FJara07 folded before Flop (didn't bet)
Seat 5: ptnr7 folded before Flop (didn't bet)
Seat 6: beça07 mucked [Kh Th]
Seat 7: flagao folded before Flop (didn't bet)
Seat 8: fecomunale folded before Flop
Seat 9: BrunoPasqual (button) folded on the Flop



PokerStars Home Game Hand #212023233052: {Club #3217684} Tournament #2865029302, 17000+3000 Hold'em No Limit - Level VIII (75/150) - 2020/04/14 21:52:11 ET
Table '2865029302 2' 9-max Seat #1 is the button
Seat 1: LGPRENDES (2930 in chips) 
Seat 2: Messi_br (8860 in chips) 
Seat 4: FJara07 (19470 in chips) 
Seat 5: ptnr7 (2495 in chips) 
Seat 6: beça07 (14370 in chips) 
Seat 7: flagao (9700 in chips) 
Seat 8: fecomunale (9700 in chips) 
Seat 9: BrunoPasqual (22475 in chips) 
LGPRENDES: posts the ante 20
Messi_br: posts the ante 20
FJara07: posts the ante 20
ptnr7: posts the ante 20
beça07: posts the ante 20
flagao: posts the ante 20
fecomunale: posts the ante 20
BrunoPasqual: posts the ante 20
Messi_br: posts small blind 75
FJara07: posts big blind 150
*** HOLE CARDS ***
Dealt to flagao [9d Kd]
ptnr7: folds 
beça07: folds 
flagao: raises 150 to 300
fecomunale: folds 
BrunoPasqual: calls 300
LGPRENDES: folds 
Messi_br: calls 225
FJara07: calls 150
*** FLOP *** [2c 5c Qd]
Messi_br: checks 
FJara07: bets 750
flagao: folds 
BrunoPasqual: calls 750
Messi_br: folds 
*** TURN *** [2c 5c Qd] [Ad]
FJara07: checks 
BrunoPasqual: bets 1050
FJara07: folds 
Uncalled bet (1050) returned to BrunoPasqual
BrunoPasqual collected 2860 from pot
BrunoPasqual: doesn't show hand 
*** SUMMARY ***
Total pot 2860 | Rake 0 
Board [2c 5c Qd Ad]
Seat 1: LGPRENDES (button) folded before Flop (didn't bet)
Seat 2: Messi_br (small blind) folded on the Flop
Seat 4: FJara07 (big blind) folded on the Turn
Seat 5: ptnr7 folded before Flop (didn't bet)
Seat 6: beça07 folded before Flop (didn't bet)
Seat 7: flagao folded on the Flop
Seat 8: fecomunale folded before Flop (didn't bet)
Seat 9: BrunoPasqual collected (2860)



PokerStars Home Game Hand #212023276572: {Club #3217684} Tournament #2865029302, 17000+3000 Hold'em No Limit - Level VIII (75/150) - 2020/04/14 21:53:24 ET
Table '2865029302 2' 9-max Seat #2 is the button
Seat 1: LGPRENDES (2910 in chips) 
Seat 2: Messi_br (8540 in chips) 
Seat 4: FJara07 (18400 in chips) 
Seat 5: ptnr7 (2475 in chips) 
Seat 6: beça07 (14350 in chips) 
Seat 7: flagao (9380 in chips) 
Seat 8: fecomunale (9680 in chips) 
Seat 9: BrunoPasqual (24265 in chips) 
LGPRENDES: posts the ante 20
Messi_br: posts the ante 20
FJara07: posts the ante 20
ptnr7: posts the ante 20
beça07: posts the ante 20
flagao: posts the ante 20
fecomunale: posts the ante 20
BrunoPasqual: posts the ante 20
FJara07: posts small blind 75
ptnr7: posts big blind 150
*** HOLE CARDS ***
Dealt to flagao [6s 7c]
FJara07 said, "me roubou"
BrunoPasqual said, "um pouco"
beça07: calls 150
flagao: folds 
fecomunale: calls 150
BrunoPasqual: calls 150
LGPRENDES: folds 
Messi_br: calls 150
FJara07: folds 
ptnr7: checks 
*** FLOP *** [Tc 9c Ah]
ptnr7: checks 
beça07: bets 450
fecomunale: folds 
BrunoPasqual: folds 
Messi_br: folds 
ptnr7: folds 
Uncalled bet (450) returned to beça07
beça07 collected 985 from pot
beça07: doesn't show hand 
*** SUMMARY ***
Total pot 985 | Rake 0 
Board [Tc 9c Ah]
Seat 1: LGPRENDES folded before Flop (didn't bet)
Seat 2: Messi_br (button) folded on the Flop
Seat 4: FJara07 (small blind) folded before Flop
Seat 5: ptnr7 (big blind) folded on the Flop
Seat 6: beça07 collected (985)
Seat 7: flagao folded before Flop (didn't bet)
Seat 8: fecomunale folded on the Flop
Seat 9: BrunoPasqual folded on the Flop



PokerStars Home Game Hand #212023309508: {Club #3217684} Tournament #2865029302, 17000+3000 Hold'em No Limit - Level VIII (75/150) - 2020/04/14 21:54:19 ET
Table '2865029302 2' 9-max Seat #4 is the button
Seat 1: LGPRENDES (2890 in chips) 
Seat 2: Messi_br (8370 in chips) 
Seat 4: FJara07 (18305 in chips) 
Seat 5: ptnr7 (2305 in chips) 
Seat 6: beça07 (15165 in chips) 
Seat 7: flagao (9360 in chips) 
Seat 8: fecomunale (9510 in chips) 
Seat 9: BrunoPasqual (24095 in chips) 
LGPRENDES: posts the ante 20
Messi_br: posts the ante 20
FJara07: posts the ante 20
ptnr7: posts the ante 20
beça07: posts the ante 20
flagao: posts the ante 20
fecomunale: posts the ante 20
BrunoPasqual: posts the ante 20
ptnr7: posts small blind 75
beça07: posts big blind 150
*** HOLE CARDS ***
Dealt to flagao [4s Th]
flagao: folds 
fecomunale: folds 
BrunoPasqual: raises 300 to 450
LGPRENDES: folds 
Messi_br: calls 450
FJara07: folds 
ptnr7: folds 
beça07: calls 300
*** FLOP *** [Jh Kc 5s]
beça07: checks 
BrunoPasqual: bets 750
Messi_br: folds 
beça07: folds 
Uncalled bet (750) returned to BrunoPasqual
BrunoPasqual collected 1585 from pot
BrunoPasqual: doesn't show hand 
*** SUMMARY ***
Total pot 1585 | Rake 0 
Board [Jh Kc 5s]
Seat 1: LGPRENDES folded before Flop (didn't bet)
Seat 2: Messi_br folded on the Flop
Seat 4: FJara07 (button) folded before Flop (didn't bet)
Seat 5: ptnr7 (small blind) folded before Flop
Seat 6: beça07 (big blind) folded on the Flop
Seat 7: flagao folded before Flop (didn't bet)
Seat 8: fecomunale folded before Flop (didn't bet)
Seat 9: BrunoPasqual collected (1585)



PokerStars Home Game Hand #212023506008: {Club #3217684} Tournament #2865029302, 17000+3000 Hold'em No Limit - Level VIII (75/150) - 2020/04/14 22:00:44 ET
Table '2865029302 2' 9-max Seat #5 is the button
Seat 1: LGPRENDES (2870 in chips) 
Seat 2: Messi_br (7900 in chips) 
Seat 4: FJara07 (18285 in chips) 
Seat 5: ptnr7 (2210 in chips) 
Seat 6: beça07 (14695 in chips) 
Seat 7: flagao (9340 in chips) 
Seat 8: fecomunale (9490 in chips) 
Seat 9: BrunoPasqual (25210 in chips) 
LGPRENDES: posts the ante 20
Messi_br: posts the ante 20
FJara07: posts the ante 20
ptnr7: posts the ante 20
beça07: posts the ante 20
flagao: posts the ante 20
fecomunale: posts the ante 20
BrunoPasqual: posts the ante 20
beça07: posts small blind 75
flagao: posts big blind 150
*** HOLE CARDS ***
Dealt to flagao [Qd 7c]
fecomunale: folds 
BrunoPasqual: folds 
LGPRENDES: folds 
Messi_br: calls 150
FJara07: folds 
ptnr7: folds 
beça07: calls 75
flagao: checks 
*** FLOP *** [Tc 5c 2c]
beça07: checks 
flagao: checks 
Messi_br: bets 150
beça07: folds 
flagao: calls 150
*** TURN *** [Tc 5c 2c] [9d]
flagao: checks 
Messi_br: bets 150
flagao: folds 
Uncalled bet (150) returned to Messi_br
Messi_br collected 910 from pot
Messi_br: doesn't show hand 
*** SUMMARY ***
Total pot 910 | Rake 0 
Board [Tc 5c 2c 9d]
Seat 1: LGPRENDES folded before Flop (didn't bet)
Seat 2: Messi_br collected (910)
Seat 4: FJara07 folded before Flop (didn't bet)
Seat 5: ptnr7 (button) folded before Flop (didn't bet)
Seat 6: beça07 (small blind) folded on the Flop
Seat 7: flagao (big blind) folded on the Turn
Seat 8: fecomunale folded before Flop (didn't bet)
Seat 9: BrunoPasqual folded before Flop (didn't bet)



PokerStars Home Game Hand #212023533014: {Club #3217684} Tournament #2865029302, 17000+3000 Hold'em No Limit - Level VIII (75/150) - 2020/04/14 22:01:32 ET
Table '2865029302 2' 9-max Seat #6 is the button
Seat 1: LGPRENDES (2850 in chips) 
Seat 2: Messi_br (8490 in chips) 
Seat 4: FJara07 (18265 in chips) is sitting out
Seat 5: ptnr7 (2190 in chips) 
Seat 6: beça07 (14525 in chips) 
Seat 7: flagao (9020 in chips) 
Seat 8: fecomunale (9470 in chips) 
Seat 9: BrunoPasqual (25190 in chips) 
LGPRENDES: posts the ante 20
Messi_br: posts the ante 20
FJara07: posts the ante 20
ptnr7: posts the ante 20
beça07: posts the ante 20
flagao: posts the ante 20
fecomunale: posts the ante 20
BrunoPasqual: posts the ante 20
flagao: posts small blind 75
fecomunale: posts big blind 150
*** HOLE CARDS ***
Dealt to flagao [3d Kc]
BrunoPasqual: folds 
LGPRENDES: raises 150 to 300
Messi_br: calls 300
FJara07: folds 
ptnr7: folds 
beça07: folds 
flagao: folds 
fecomunale: calls 150
*** FLOP *** [Jc 8c Ks]
fecomunale: checks 
LGPRENDES: checks 
Messi_br: checks 
*** TURN *** [Jc 8c Ks] [7d]
fecomunale: checks 
LGPRENDES: checks 
Messi_br: checks 
*** RIVER *** [Jc 8c Ks 7d] [Kh]
fecomunale: checks 
LGPRENDES: bets 450
Messi_br: folds 
fecomunale: folds 
Uncalled bet (450) returned to LGPRENDES
LGPRENDES collected 1135 from pot
LGPRENDES: doesn't show hand 
*** SUMMARY ***
Total pot 1135 | Rake 0 
Board [Jc 8c Ks 7d Kh]
Seat 1: LGPRENDES collected (1135)
Seat 2: Messi_br folded on the River
Seat 4: FJara07 folded before Flop (didn't bet)
Seat 5: ptnr7 folded before Flop (didn't bet)
Seat 6: beça07 (button) folded before Flop (didn't bet)
Seat 7: flagao (small blind) folded before Flop
Seat 8: fecomunale (big blind) folded on the River
Seat 9: BrunoPasqual folded before Flop (didn't bet)



PokerStars Home Game Hand #212023583646: {Club #3217684} Tournament #2865029302, 17000+3000 Hold'em No Limit - Level VIII (75/150) - 2020/04/14 22:02:56 ET
Table '2865029302 2' 9-max Seat #7 is the button
Seat 1: LGPRENDES (3665 in chips) 
Seat 2: Messi_br (8170 in chips) 
Seat 4: FJara07 (18245 in chips) 
Seat 5: ptnr7 (2170 in chips) 
Seat 6: beça07 (14505 in chips) 
Seat 7: flagao (8925 in chips) 
Seat 8: fecomunale (9150 in chips) 
Seat 9: BrunoPasqual (25170 in chips) 
LGPRENDES: posts the ante 20
Messi_br: posts the ante 20
FJara07: posts the ante 20
ptnr7: posts the ante 20
beça07: posts the ante 20
flagao: posts the ante 20
fecomunale: posts the ante 20
BrunoPasqual: posts the ante 20
fecomunale: posts small blind 75
BrunoPasqual: posts big blind 150
*** HOLE CARDS ***
Dealt to flagao [3c 7s]
LGPRENDES: calls 150
Messi_br: calls 150
FJara07: raises 450 to 600
ptnr7: folds 
beça07: folds 
flagao: folds 
fecomunale: folds 
BrunoPasqual: folds 
LGPRENDES: calls 450
Messi_br: folds 
*** FLOP *** [2d 9h 6c]
LGPRENDES: checks 
FJara07: bets 1050
LGPRENDES: folds 
Uncalled bet (1050) returned to FJara07
FJara07 collected 1735 from pot
FJara07: shows [Qc Qs] (a pair of Queens)
*** SUMMARY ***
Total pot 1735 | Rake 0 
Board [2d 9h 6c]
Seat 1: LGPRENDES folded on the Flop
Seat 2: Messi_br folded before Flop
Seat 4: FJara07 collected (1735)
Seat 5: ptnr7 folded before Flop (didn't bet)
Seat 6: beça07 folded before Flop (didn't bet)
Seat 7: flagao (button) folded before Flop (didn't bet)
Seat 8: fecomunale (small blind) folded before Flop
Seat 9: BrunoPasqual (big blind) folded before Flop



PokerStars Home Game Hand #212023625689: {Club #3217684} Tournament #2865029302, 17000+3000 Hold'em No Limit - Level VIII (75/150) - 2020/04/14 22:04:04 ET
Table '2865029302 2' 9-max Seat #8 is the button
Seat 1: LGPRENDES (3045 in chips) 
Seat 2: Messi_br (8000 in chips) 
Seat 4: FJara07 (19360 in chips) 
Seat 5: ptnr7 (2150 in chips) 
Seat 6: beça07 (14485 in chips) 
Seat 7: flagao (8905 in chips) 
Seat 8: fecomunale (9055 in chips) 
Seat 9: BrunoPasqual (25000 in chips) 
LGPRENDES: posts the ante 20
Messi_br: posts the ante 20
FJara07: posts the ante 20
ptnr7: posts the ante 20
beça07: posts the ante 20
flagao: posts the ante 20
fecomunale: posts the ante 20
BrunoPasqual: posts the ante 20
BrunoPasqual: posts small blind 75
LGPRENDES: posts big blind 150
*** HOLE CARDS ***
Dealt to flagao [3h 9h]
Messi_br: folds 
FJara07: folds 
ptnr7: folds 
beça07: raises 450 to 600
flagao: folds 
fecomunale: folds 
BrunoPasqual: folds 
LGPRENDES: folds 
Uncalled bet (450) returned to beça07
beça07 collected 535 from pot
beça07: doesn't show hand 
*** SUMMARY ***
Total pot 535 | Rake 0 
Seat 1: LGPRENDES (big blind) folded before Flop
Seat 2: Messi_br folded before Flop (didn't bet)
Seat 4: FJara07 folded before Flop (didn't bet)
Seat 5: ptnr7 folded before Flop (didn't bet)
Seat 6: beça07 collected (535)
Seat 7: flagao folded before Flop (didn't bet)
Seat 8: fecomunale (button) folded before Flop (didn't bet)
Seat 9: BrunoPasqual (small blind) folded before Flop



PokerStars Home Game Hand #212023662384: {Club #3217684} Tournament #2865029302, 17000+3000 Hold'em No Limit - Level VIII (75/150) - 2020/04/14 22:04:42 ET
Table '2865029302 2' 9-max Seat #9 is the button
Seat 1: LGPRENDES (2875 in chips) 
Seat 2: Messi_br (7980 in chips) 
Seat 4: FJara07 (19340 in chips) 
Seat 5: ptnr7 (2130 in chips) 
Seat 6: beça07 (14850 in chips) 
Seat 7: flagao (8885 in chips) 
Seat 8: fecomunale (9035 in chips) 
Seat 9: BrunoPasqual (24905 in chips) 
LGPRENDES: posts the ante 20
Messi_br: posts the ante 20
FJara07: posts the ante 20
ptnr7: posts the ante 20
beça07: posts the ante 20
flagao: posts the ante 20
fecomunale: posts the ante 20
BrunoPasqual: posts the ante 20
LGPRENDES: posts small blind 75
Messi_br: posts big blind 150
*** HOLE CARDS ***
Dealt to flagao [8s 9c]
FJara07: folds 
ptnr7: folds 
beça07: calls 150
flagao: folds 
fecomunale: folds 
BrunoPasqual: calls 150
LGPRENDES: calls 75
Messi_br: checks 
*** FLOP *** [2c 8h Jh]
LGPRENDES: checks 
Messi_br: checks 
beça07: bets 450
BrunoPasqual: folds 
LGPRENDES: folds 
Messi_br: raises 450 to 900
beça07: raises 900 to 1800
Messi_br: calls 900
*** TURN *** [2c 8h Jh] [Kd]
Messi_br: checks 
beça07: bets 3000
Messi_br: folds 
Uncalled bet (3000) returned to beça07
beça07 collected 4360 from pot
beça07: doesn't show hand 
*** SUMMARY ***
Total pot 4360 | Rake 0 
Board [2c 8h Jh Kd]
Seat 1: LGPRENDES (small blind) folded on the Flop
Seat 2: Messi_br (big blind) folded on the Turn
Seat 4: FJara07 folded before Flop (didn't bet)
Seat 5: ptnr7 folded before Flop (didn't bet)
Seat 6: beça07 collected (4360)
Seat 7: flagao folded before Flop (didn't bet)
Seat 8: fecomunale folded before Flop (didn't bet)
Seat 9: BrunoPasqual (button) folded on the Flop



PokerStars Home Game Hand #212023720954: {Club #3217684} Tournament #2865029302, 17000+3000 Hold'em No Limit - Level VIII (75/150) - 2020/04/14 22:06:19 ET
Table '2865029302 2' 9-max Seat #1 is the button
Seat 1: LGPRENDES (2705 in chips) 
Seat 2: Messi_br (6010 in chips) 
Seat 4: FJara07 (19320 in chips) 
Seat 5: ptnr7 (2110 in chips) 
Seat 6: beça07 (17240 in chips) 
Seat 7: flagao (8865 in chips) 
Seat 8: fecomunale (9015 in chips) 
Seat 9: BrunoPasqual (24735 in chips) 
LGPRENDES: posts the ante 20
Messi_br: posts the ante 20
FJara07: posts the ante 20
ptnr7: posts the ante 20
beça07: posts the ante 20
flagao: posts the ante 20
fecomunale: posts the ante 20
BrunoPasqual: posts the ante 20
Messi_br: posts small blind 75
FJara07: posts big blind 150
*** HOLE CARDS ***
Dealt to flagao [3c 3h]
ptnr7: folds 
beça07: calls 150
flagao: raises 300 to 450
fecomunale: folds 
BrunoPasqual: calls 450
LGPRENDES: folds 
Messi_br: calls 375
FJara07: folds 
beça07: calls 300
*** FLOP *** [Kc Ah Jd]
Messi_br: checks 
beça07: checks 
flagao: checks 
BrunoPasqual: bets 1055
Messi_br: folds 
beça07: folds 
flagao: folds 
Uncalled bet (1055) returned to BrunoPasqual
BrunoPasqual collected 2110 from pot
BrunoPasqual: doesn't show hand 
*** SUMMARY ***
Total pot 2110 | Rake 0 
Board [Kc Ah Jd]
Seat 1: LGPRENDES (button) folded before Flop (didn't bet)
Seat 2: Messi_br (small blind) folded on the Flop
Seat 4: FJara07 (big blind) folded before Flop
Seat 5: ptnr7 folded before Flop (didn't bet)
Seat 6: beça07 folded on the Flop
Seat 7: flagao folded on the Flop
Seat 8: fecomunale folded before Flop (didn't bet)
Seat 9: BrunoPasqual collected (2110)



PokerStars Home Game Hand #212023772886: {Club #3217684} Tournament #2865029302, 17000+3000 Hold'em No Limit - Level IX (100/200) - 2020/04/14 22:07:46 ET
Table '2865029302 2' 9-max Seat #2 is the button
Seat 1: LGPRENDES (2685 in chips) 
Seat 2: Messi_br (5540 in chips) 
Seat 4: FJara07 (19150 in chips) 
Seat 5: ptnr7 (2090 in chips) 
Seat 6: beça07 (16770 in chips) 
Seat 7: flagao (8395 in chips) 
Seat 8: fecomunale (8995 in chips) 
Seat 9: BrunoPasqual (26375 in chips) 
LGPRENDES: posts the ante 25
Messi_br: posts the ante 25
FJara07: posts the ante 25
ptnr7: posts the ante 25
beça07: posts the ante 25
flagao: posts the ante 25
fecomunale: posts the ante 25
BrunoPasqual: posts the ante 25
FJara07: posts small blind 100
ptnr7: posts big blind 200
*** HOLE CARDS ***
Dealt to flagao [8h 5c]
beça07: calls 200
flagao: folds 
fecomunale: calls 200
BrunoPasqual: calls 200
LGPRENDES: folds 
Messi_br: calls 200
FJara07: calls 100
ptnr7: checks 
*** FLOP *** [Ts 9c 5s]
FJara07: checks 
ptnr7: checks 
beça07: checks 
fecomunale: checks 
BrunoPasqual: checks 
Messi_br: checks 
*** TURN *** [Ts 9c 5s] [5d]
FJara07: checks 
ptnr7: checks 
beça07: checks 
fecomunale: checks 
BrunoPasqual: checks 
Messi_br: checks 
*** RIVER *** [Ts 9c 5s 5d] [3c]
FJara07: checks 
ptnr7: checks 
beça07: checks 
fecomunale: checks 
BrunoPasqual: checks 
Messi_br: checks 
*** SHOW DOWN ***
FJara07: shows [Qh 6h] (a pair of Fives)
ptnr7: shows [9s 7h] (two pair, Nines and Fives)
beça07: shows [9h Ac] (two pair, Nines and Fives - Ace kicker)
fecomunale: shows [Jc Jh] (two pair, Jacks and Fives)
BrunoPasqual: mucks hand 
Messi_br: mucks hand 
fecomunale collected 1400 from pot
*** SUMMARY ***
Total pot 1400 | Rake 0 
Board [Ts 9c 5s 5d 3c]
Seat 1: LGPRENDES folded before Flop (didn't bet)
Seat 2: Messi_br (button) mucked [Kd 2h]
Seat 4: FJara07 (small blind) showed [Qh 6h] and lost with a pair of Fives
Seat 5: ptnr7 (big blind) showed [9s 7h] and lost with two pair, Nines and Fives
Seat 6: beça07 showed [9h Ac] and lost with two pair, Nines and Fives
Seat 7: flagao folded before Flop (didn't bet)
Seat 8: fecomunale showed [Jc Jh] and won (1400) with two pair, Jacks and Fives
Seat 9: BrunoPasqual mucked [2s 7c]



PokerStars Home Game Hand #212023823785: {Club #3217684} Tournament #2865029302, 17000+3000 Hold'em No Limit - Level IX (100/200) - 2020/04/14 22:09:13 ET
Table '2865029302 2' 9-max Seat #4 is the button
Seat 1: LGPRENDES (2660 in chips) 
Seat 2: Messi_br (5315 in chips) 
Seat 4: FJara07 (18925 in chips) 
Seat 5: ptnr7 (1865 in chips) 
Seat 6: beça07 (16545 in chips) 
Seat 7: flagao (8370 in chips) 
Seat 8: fecomunale (10170 in chips) 
Seat 9: BrunoPasqual (26150 in chips) 
LGPRENDES: posts the ante 25
Messi_br: posts the ante 25
FJara07: posts the ante 25
ptnr7: posts the ante 25
beça07: posts the ante 25
flagao: posts the ante 25
fecomunale: posts the ante 25
BrunoPasqual: posts the ante 25
ptnr7: posts small blind 100
beça07: posts big blind 200
*** HOLE CARDS ***
Dealt to flagao [Th 4d]
flagao: folds 
fecomunale: folds 
BrunoPasqual: calls 200
LGPRENDES: folds 
Messi_br: raises 3000 to 3200
FJara07: folds 
ptnr7: folds 
beça07: folds 
BrunoPasqual: folds 
Uncalled bet (3000) returned to Messi_br
Messi_br collected 900 from pot
Messi_br: doesn't show hand 
*** SUMMARY ***
Total pot 900 | Rake 0 
Seat 1: LGPRENDES folded before Flop (didn't bet)
Seat 2: Messi_br collected (900)
Seat 4: FJara07 (button) folded before Flop (didn't bet)
Seat 5: ptnr7 (small blind) folded before Flop
Seat 6: beça07 (big blind) folded before Flop
Seat 7: flagao folded before Flop (didn't bet)
Seat 8: fecomunale folded before Flop (didn't bet)
Seat 9: BrunoPasqual folded before Flop



PokerStars Home Game Hand #212023849009: {Club #3217684} Tournament #2865029302, 17000+3000 Hold'em No Limit - Level IX (100/200) - 2020/04/14 22:09:55 ET
Table '2865029302 2' 9-max Seat #5 is the button
Seat 1: LGPRENDES (2635 in chips) 
Seat 2: Messi_br (5990 in chips) 
Seat 4: FJara07 (18900 in chips) 
Seat 5: ptnr7 (1740 in chips) 
Seat 6: beça07 (16320 in chips) 
Seat 7: flagao (8345 in chips) 
Seat 8: fecomunale (10145 in chips) 
Seat 9: BrunoPasqual (25925 in chips) 
LGPRENDES: posts the ante 25
Messi_br: posts the ante 25
FJara07: posts the ante 25
ptnr7: posts the ante 25
beça07: posts the ante 25
flagao: posts the ante 25
fecomunale: posts the ante 25
BrunoPasqual: posts the ante 25
beça07: posts small blind 100
flagao: posts big blind 200
*** HOLE CARDS ***
Dealt to flagao [As 5h]
fecomunale: raises 200 to 400
BrunoPasqual: calls 400
LGPRENDES: folds 
Messi_br: folds 
FJara07: folds 
ptnr7: raises 1315 to 1715 and is all-in
beça07: folds 
flagao: folds 
fecomunale: calls 1315
BrunoPasqual: folds 
*** FLOP *** [Js 9d 3s]
*** TURN *** [Js 9d 3s] [Ac]
*** RIVER *** [Js 9d 3s Ac] [5c]
*** SHOW DOWN ***
fecomunale: shows [Jh Th] (a pair of Jacks)
ptnr7: shows [Kh Qd] (high card Ace)
fecomunale collected 4330 from pot
ptnr7 finished the tournament in 22nd place
*** SUMMARY ***
Total pot 4330 | Rake 0 
Board [Js 9d 3s Ac 5c]
Seat 1: LGPRENDES folded before Flop (didn't bet)
Seat 2: Messi_br folded before Flop (didn't bet)
Seat 4: FJara07 folded before Flop (didn't bet)
Seat 5: ptnr7 (button) showed [Kh Qd] and lost with high card Ace
Seat 6: beça07 (small blind) folded before Flop
Seat 7: flagao (big blind) folded before Flop
Seat 8: fecomunale showed [Jh Th] and won (4330) with a pair of Jacks
Seat 9: BrunoPasqual folded before Flop



PokerStars Home Game Hand #212023886616: {Club #3217684} Tournament #2865029302, 17000+3000 Hold'em No Limit - Level IX (100/200) - 2020/04/14 22:10:51 ET
Table '2865029302 2' 9-max Seat #6 is the button
Seat 1: LGPRENDES (2610 in chips) 
Seat 2: Messi_br (5965 in chips) 
Seat 4: FJara07 (18875 in chips) 
Seat 6: beça07 (16195 in chips) 
Seat 7: flagao (8120 in chips) 
Seat 8: fecomunale (12735 in chips) 
Seat 9: BrunoPasqual (25500 in chips) 
LGPRENDES: posts the ante 25
Messi_br: posts the ante 25
FJara07: posts the ante 25
beça07: posts the ante 25
flagao: posts the ante 25
fecomunale: posts the ante 25
BrunoPasqual: posts the ante 25
flagao: posts small blind 100
fecomunale: posts big blind 200
*** HOLE CARDS ***
Dealt to flagao [Jh 9h]
BrunoPasqual: folds 
LGPRENDES: raises 200 to 400
Messi_br: raises 1800 to 2200
FJara07: folds 
beça07: folds 
flagao: folds 
fecomunale: folds 
LGPRENDES: raises 385 to 2585 and is all-in
Messi_br: calls 385
*** FLOP *** [Js Qh 6c]
*** TURN *** [Js Qh 6c] [Tc]
*** RIVER *** [Js Qh 6c Tc] [9s]
*** SHOW DOWN ***
LGPRENDES: shows [Qd Qs] (three of a kind, Queens)
Messi_br: shows [Ad 8d] (a straight, Eight to Queen)
Messi_br collected 5645 from pot
LGPRENDES finished the tournament in 21st place
Messi_br said, "kkkkkk"
*** SUMMARY ***
Total pot 5645 | Rake 0 
Board [Js Qh 6c Tc 9s]
Seat 1: LGPRENDES showed [Qd Qs] and lost with three of a kind, Queens
Seat 2: Messi_br showed [Ad 8d] and won (5645) with a straight, Eight to Queen
Seat 4: FJara07 folded before Flop (didn't bet)
Seat 6: beça07 (button) folded before Flop (didn't bet)
Seat 7: flagao (small blind) folded before Flop
Seat 8: fecomunale (big blind) folded before Flop
Seat 9: BrunoPasqual folded before Flop (didn't bet)



PokerStars Home Game Hand #212023912810: {Club #3217684} Tournament #2865029302, 17000+3000 Hold'em No Limit - Level IX (100/200) - 2020/04/14 22:11:36 ET
Table '2865029302 2' 9-max Seat #7 is the button
Seat 2: Messi_br (9000 in chips) 
Seat 4: FJara07 (18850 in chips) 
Seat 6: beça07 (16170 in chips) 
Seat 7: flagao (7995 in chips) 
Seat 8: fecomunale (12510 in chips) 
Seat 9: BrunoPasqual (25475 in chips) 
Messi_br: posts the ante 25
FJara07: posts the ante 25
beça07: posts the ante 25
flagao: posts the ante 25
fecomunale: posts the ante 25
BrunoPasqual: posts the ante 25
fecomunale: posts small blind 100
BrunoPasqual: posts big blind 200
*** HOLE CARDS ***
Dealt to flagao [Jd Jh]
Messi_br: folds 
FJara07: calls 200
beça07: folds 
flagao: raises 400 to 600
fecomunale: calls 500
BrunoPasqual: calls 400
FJara07: calls 400
*** FLOP *** [7h 8d 6s]
fecomunale: checks 
BrunoPasqual: checks 
FJara07: checks 
flagao: bets 800
fecomunale: calls 800
BrunoPasqual: folds 
FJara07: calls 800
*** TURN *** [7h 8d 6s] [5h]
fecomunale: checks 
FJara07: checks 
flagao: checks 
*** RIVER *** [7h 8d 6s 5h] [9h]
fecomunale: checks 
Messi_br said, "4"
FJara07: bets 1200
flagao: folds 
fecomunale: folds 
Uncalled bet (1200) returned to FJara07
FJara07 collected 4950 from pot
FJara07: shows [Ts Kd] (a straight, Six to Ten)
*** SUMMARY ***
Total pot 4950 | Rake 0 
Board [7h 8d 6s 5h 9h]
Seat 2: Messi_br folded before Flop (didn't bet)
Seat 4: FJara07 collected (4950)
Seat 6: beça07 folded before Flop (didn't bet)
Seat 7: flagao (button) folded on the River
Seat 8: fecomunale (small blind) folded on the River
Seat 9: BrunoPasqual (big blind) folded on the Flop



PokerStars Home Game Hand #212023957168: {Club #3217684} Tournament #2865029302, 17000+3000 Hold'em No Limit - Level IX (100/200) - 2020/04/14 22:12:52 ET
Table '2865029302 2' 9-max Seat #8 is the button
Seat 2: Messi_br (8975 in chips) 
Seat 4: FJara07 (22375 in chips) 
Seat 6: beça07 (16145 in chips) 
Seat 7: flagao (6570 in chips) 
Seat 8: fecomunale (11085 in chips) 
Seat 9: BrunoPasqual (24850 in chips) 
Messi_br: posts the ante 25
FJara07: posts the ante 25
beça07: posts the ante 25
flagao: posts the ante 25
fecomunale: posts the ante 25
BrunoPasqual: posts the ante 25
BrunoPasqual: posts small blind 100
Messi_br: posts big blind 200
*** HOLE CARDS ***
Dealt to flagao [5h 8c]
FJara07: folds 
flagao said, "JJ"
beça07: calls 200
flagao: folds 
fecomunale: folds 
BrunoPasqual: calls 100
Messi_br: raises 1000 to 1200
beça07: calls 1000
BrunoPasqual: calls 1000
*** FLOP *** [2s 3c Td]
BrunoPasqual: checks 
Messi_br: bets 1200
beça07: folds 
BrunoPasqual: calls 1200
*** TURN *** [2s 3c Td] [Ts]
BrunoPasqual: checks 
Messi_br: bets 1000
BrunoPasqual: calls 1000
*** RIVER *** [2s 3c Td Ts] [Kh]
BrunoPasqual: checks 
Messi_br: bets 1800
BrunoPasqual: raises 11750 to 13550
Messi_br: calls 3750 and is all-in
Uncalled bet (8000) returned to BrunoPasqual
*** SHOW DOWN ***
BrunoPasqual: shows [Tc 9s] (three of a kind, Tens)
Messi_br: shows [8d 8s] (two pair, Tens and Eights)
BrunoPasqual collected 19250 from pot
Messi_br finished the tournament in 20th place
*** SUMMARY ***
Total pot 19250 | Rake 0 
Board [2s 3c Td Ts Kh]
Seat 2: Messi_br (big blind) showed [8d 8s] and lost with two pair, Tens and Eights
Seat 4: FJara07 folded before Flop (didn't bet)
Seat 6: beça07 folded on the Flop
Seat 7: flagao folded before Flop (didn't bet)
Seat 8: fecomunale (button) folded before Flop (didn't bet)
Seat 9: BrunoPasqual (small blind) showed [Tc 9s] and won (19250) with three of a kind, Tens



PokerStars Home Game Hand #212023998334: {Club #3217684} Tournament #2865029302, 17000+3000 Hold'em No Limit - Level IX (100/200) - 2020/04/14 22:14:02 ET
Table '2865029302 2' 9-max Seat #9 is the button
Seat 3: BAMRC (15832 in chips) out of hand (moved from another table into small blind)
Seat 4: FJara07 (22350 in chips) 
Seat 6: beça07 (14920 in chips) 
Seat 7: flagao (6545 in chips) 
Seat 8: fecomunale (11060 in chips) 
Seat 9: BrunoPasqual (35125 in chips) 
BAMRC will be allowed to play after the button
FJara07: posts the ante 25
beça07: posts the ante 25
flagao: posts the ante 25
fecomunale: posts the ante 25
BrunoPasqual: posts the ante 25
FJara07: posts small blind 100
beça07: posts big blind 200
*** HOLE CARDS ***
Dealt to flagao [6c Qs]
flagao: folds 
fecomunale: folds 
BrunoPasqual: calls 200
FJara07: calls 100
beça07: checks 
*** FLOP *** [4s 5h 8d]
FJara07: bets 400
beça07: folds 
BrunoPasqual: folds 
Uncalled bet (400) returned to FJara07
FJara07 collected 725 from pot
*** SUMMARY ***
Total pot 725 | Rake 0 
Board [4s 5h 8d]
Seat 4: FJara07 (small blind) collected (725)
Seat 6: beça07 (big blind) folded on the Flop
Seat 7: flagao folded before Flop (didn't bet)
Seat 8: fecomunale folded before Flop (didn't bet)
Seat 9: BrunoPasqual (button) folded on the Flop



PokerStars Home Game Hand #212024057202: {Club #3217684} Tournament #2865029302, 17000+3000 Hold'em No Limit - Level IX (100/200) - 2020/04/14 22:15:18 ET
Table '2865029302 2' 9-max Seat #4 is the button
Seat 3: BAMRC (15832 in chips) 
Seat 4: FJara07 (22850 in chips) 
Seat 6: beça07 (14695 in chips) 
Seat 7: flagao (6520 in chips) 
Seat 8: fecomunale (11035 in chips) 
Seat 9: BrunoPasqual (34900 in chips) 
BAMRC: posts the ante 25
FJara07: posts the ante 25
beça07: posts the ante 25
flagao: posts the ante 25
fecomunale: posts the ante 25
BrunoPasqual: posts the ante 25
beça07: posts small blind 100
flagao: posts big blind 200
*** HOLE CARDS ***
Dealt to flagao [4c 2s]
fecomunale: folds 
BrunoPasqual: calls 200
BAMRC: folds 
FJara07: calls 200
beça07: calls 100
flagao: checks 
*** FLOP *** [8d Qs 4s]
beça07: checks 
flagao: checks 
BrunoPasqual: checks 
FJara07: bets 600
beça07: folds 
flagao: folds 
BrunoPasqual: folds 
Uncalled bet (600) returned to FJara07
FJara07 collected 950 from pot
FJara07: doesn't show hand 
*** SUMMARY ***
Total pot 950 | Rake 0 
Board [8d Qs 4s]
Seat 3: BAMRC folded before Flop (didn't bet)
Seat 4: FJara07 (button) collected (950)
Seat 6: beça07 (small blind) folded on the Flop
Seat 7: flagao (big blind) folded on the Flop
Seat 8: fecomunale folded before Flop (didn't bet)
Seat 9: BrunoPasqual folded on the Flop



PokerStars Home Game Hand #212024081816: {Club #3217684} Tournament #2865029302, 17000+3000 Hold'em No Limit - Level IX (100/200) - 2020/04/14 22:16:01 ET
Table '2865029302 2' 9-max Seat #6 is the button
Seat 3: BAMRC (15807 in chips) 
Seat 4: FJara07 (23575 in chips) 
Seat 6: beça07 (14470 in chips) 
Seat 7: flagao (6295 in chips) 
Seat 8: fecomunale (11010 in chips) 
Seat 9: BrunoPasqual (34675 in chips) 
BAMRC: posts the ante 25
FJara07: posts the ante 25
beça07: posts the ante 25
flagao: posts the ante 25
fecomunale: posts the ante 25
BrunoPasqual: posts the ante 25
flagao: posts small blind 100
fecomunale: posts big blind 200
*** HOLE CARDS ***
Dealt to flagao [Th Jd]
BrunoPasqual: calls 200
BAMRC: folds 
FJara07: folds 
beça07: calls 200
flagao: calls 100
fecomunale: checks 
*** FLOP *** [4c 6c 9d]
flagao: checks 
fecomunale: checks 
BrunoPasqual: checks 
beça07: checks 
*** TURN *** [4c 6c 9d] [3h]
flagao: checks 
fecomunale: checks 
BrunoPasqual: bets 475
beça07: folds 
flagao: folds 
fecomunale: folds 
Uncalled bet (475) returned to BrunoPasqual
BrunoPasqual collected 950 from pot
BrunoPasqual: doesn't show hand 
*** SUMMARY ***
Total pot 950 | Rake 0 
Board [4c 6c 9d 3h]
Seat 3: BAMRC folded before Flop (didn't bet)
Seat 4: FJara07 folded before Flop (didn't bet)
Seat 6: beça07 (button) folded on the Turn
Seat 7: flagao (small blind) folded on the Turn
Seat 8: fecomunale (big blind) folded on the Turn
Seat 9: BrunoPasqual collected (950)



PokerStars Home Game Hand #212024118979: {Club #3217684} Tournament #2865029302, 17000+3000 Hold'em No Limit - Level X (125/250) - 2020/04/14 22:17:04 ET
Table '2865029302 2' 9-max Seat #7 is the button
Seat 3: BAMRC (15782 in chips) 
Seat 4: FJara07 (23550 in chips) 
Seat 6: beça07 (14245 in chips) 
Seat 7: flagao (6070 in chips) 
Seat 8: fecomunale (10785 in chips) 
Seat 9: BrunoPasqual (35400 in chips) 
BAMRC: posts the ante 30
FJara07: posts the ante 30
beça07: posts the ante 30
flagao: posts the ante 30
fecomunale: posts the ante 30
BrunoPasqual: posts the ante 30
fecomunale: posts small blind 125
BrunoPasqual: posts big blind 250
*** HOLE CARDS ***
Dealt to flagao [5h Qc]
BAMRC: folds 
FJara07: folds 
beça07: folds 
flagao: folds 
fecomunale: folds 
Uncalled bet (125) returned to BrunoPasqual
BrunoPasqual collected 430 from pot
BrunoPasqual: doesn't show hand 
*** SUMMARY ***
Total pot 430 | Rake 0 
Seat 3: BAMRC folded before Flop (didn't bet)
Seat 4: FJara07 folded before Flop (didn't bet)
Seat 6: beça07 folded before Flop (didn't bet)
Seat 7: flagao (button) folded before Flop (didn't bet)
Seat 8: fecomunale (small blind) folded before Flop
Seat 9: BrunoPasqual (big blind) collected (430)



PokerStars Home Game Hand #212024138448: {Club #3217684} Tournament #2865029302, 17000+3000 Hold'em No Limit - Level X (125/250) - 2020/04/14 22:17:37 ET
Table '2865029302 2' 9-max Seat #8 is the button
Seat 3: BAMRC (15752 in chips) 
Seat 4: FJara07 (23520 in chips) 
Seat 6: beça07 (14215 in chips) 
Seat 7: flagao (6040 in chips) 
Seat 8: fecomunale (10630 in chips) 
Seat 9: BrunoPasqual (35675 in chips) 
BAMRC: posts the ante 30
FJara07: posts the ante 30
beça07: posts the ante 30
flagao: posts the ante 30
fecomunale: posts the ante 30
BrunoPasqual: posts the ante 30
BrunoPasqual: posts small blind 125
BAMRC: posts big blind 250
*** HOLE CARDS ***
Dealt to flagao [9d Kh]
FJara07: folds 
beça07: calls 250
flagao: raises 500 to 750
fecomunale: folds 
BrunoPasqual: folds 
BAMRC: calls 500
beça07: calls 500
*** FLOP *** [8s Ks As]
BAMRC: checks 
beça07: checks 
flagao: bets 750
BAMRC: calls 750
beça07: folds 
*** TURN *** [8s Ks As] [5s]
BAMRC: checks 
flagao: checks 
*** RIVER *** [8s Ks As 5s] [Tc]
BAMRC: checks 
flagao: checks 
*** SHOW DOWN ***
BAMRC: shows [4h 4s] (a flush, Ace high)
flagao: mucks hand 
BAMRC collected 4055 from pot
*** SUMMARY ***
Total pot 4055 | Rake 0 
Board [8s Ks As 5s Tc]
Seat 3: BAMRC (big blind) showed [4h 4s] and won (4055) with a flush, Ace high
Seat 4: FJara07 folded before Flop (didn't bet)
Seat 6: beça07 folded on the Flop
Seat 7: flagao mucked [9d Kh]
Seat 8: fecomunale (button) folded before Flop (didn't bet)
Seat 9: BrunoPasqual (small blind) folded before Flop



PokerStars Home Game Hand #212024192048: {Club #3217684} Tournament #2865029302, 17000+3000 Hold'em No Limit - Level X (125/250) - 2020/04/14 22:18:54 ET
Table '2865029302 2' 9-max Seat #9 is the button
Seat 3: BAMRC (18277 in chips) 
Seat 4: FJara07 (23490 in chips) 
Seat 6: beça07 (13435 in chips) 
Seat 7: flagao (4510 in chips) 
Seat 8: fecomunale (10600 in chips) 
Seat 9: BrunoPasqual (35520 in chips) 
BAMRC: posts the ante 30
FJara07: posts the ante 30
beça07: posts the ante 30
flagao: posts the ante 30
fecomunale: posts the ante 30
BrunoPasqual: posts the ante 30
BAMRC: posts small blind 125
FJara07: posts big blind 250
*** HOLE CARDS ***
Dealt to flagao [Jh 8s]
beça07: raises 250 to 500
flagao: folds 
fecomunale: raises 250 to 750
BrunoPasqual: calls 750
BAMRC: folds 
FJara07: folds 
beça07: calls 250
*** FLOP *** [7d Th 9c]
beça07: checks 
fecomunale: checks 
BrunoPasqual: checks 
*** TURN *** [7d Th 9c] [3c]
beça07: checks 
fecomunale: checks 
BrunoPasqual: checks 
*** RIVER *** [7d Th 9c 3c] [Ah]
beça07: checks 
fecomunale: checks 
BrunoPasqual: checks 
*** SHOW DOWN ***
beça07: shows [Ks Qc] (high card Ace)
fecomunale: shows [Jd Ad] (a pair of Aces)
BrunoPasqual: mucks hand 
fecomunale collected 2805 from pot
*** SUMMARY ***
Total pot 2805 | Rake 0 
Board [7d Th 9c 3c Ah]
Seat 3: BAMRC (small blind) folded before Flop
Seat 4: FJara07 (big blind) folded before Flop
Seat 6: beça07 showed [Ks Qc] and lost with high card Ace
Seat 7: flagao folded before Flop (didn't bet)
Seat 8: fecomunale showed [Jd Ad] and won (2805) with a pair of Aces
Seat 9: BrunoPasqual (button) mucked [Kh 3d]



PokerStars Home Game Hand #212024225974: {Club #3217684} Tournament #2865029302, 17000+3000 Hold'em No Limit - Level X (125/250) - 2020/04/14 22:19:52 ET
Table '2865029302 2' 9-max Seat #3 is the button
Seat 3: BAMRC (18122 in chips) 
Seat 4: FJara07 (23210 in chips) 
Seat 6: beça07 (12655 in chips) 
Seat 7: flagao (4480 in chips) 
Seat 8: fecomunale (12625 in chips) 
Seat 9: BrunoPasqual (34740 in chips) 
BAMRC: posts the ante 30
FJara07: posts the ante 30
beça07: posts the ante 30
flagao: posts the ante 30
fecomunale: posts the ante 30
BrunoPasqual: posts the ante 30
FJara07: posts small blind 125
beça07: posts big blind 250
*** HOLE CARDS ***
Dealt to flagao [4h 4c]
flagao: raises 250 to 500
fecomunale: folds 
BrunoPasqual: calls 500
BAMRC: folds 
FJara07: folds 
beça07: folds 
*** FLOP *** [Qd 7s 2s]
flagao: checks 
BrunoPasqual: bets 778
flagao: folds 
Uncalled bet (778) returned to BrunoPasqual
BrunoPasqual collected 1555 from pot
BrunoPasqual: doesn't show hand 
*** SUMMARY ***
Total pot 1555 | Rake 0 
Board [Qd 7s 2s]
Seat 3: BAMRC (button) folded before Flop (didn't bet)
Seat 4: FJara07 (small blind) folded before Flop
Seat 6: beça07 (big blind) folded before Flop
Seat 7: flagao folded on the Flop
Seat 8: fecomunale folded before Flop (didn't bet)
Seat 9: BrunoPasqual collected (1555)



PokerStars Home Game Hand #212024243583: {Club #3217684} Tournament #2865029302, 17000+3000 Hold'em No Limit - Level X (125/250) - 2020/04/14 22:20:22 ET
Table '2865029302 2' 9-max Seat #4 is the button
Seat 3: BAMRC (18092 in chips) 
Seat 4: FJara07 (23055 in chips) 
Seat 6: beça07 (12375 in chips) 
Seat 7: flagao (3950 in chips) 
Seat 8: fecomunale (12595 in chips) 
Seat 9: BrunoPasqual (35765 in chips) 
BAMRC: posts the ante 30
FJara07: posts the ante 30
beça07: posts the ante 30
flagao: posts the ante 30
fecomunale: posts the ante 30
BrunoPasqual: posts the ante 30
beça07: posts small blind 125
flagao: posts big blind 250
*** HOLE CARDS ***
Dealt to flagao [3h 9d]
fecomunale: calls 250
BrunoPasqual: calls 250
BAMRC: calls 250
FJara07: folds 
beça07: calls 125
flagao: checks 
*** FLOP *** [Kh Jc Td]
beça07: checks 
flagao: checks 
fecomunale: checks 
BrunoPasqual: bets 250
BAMRC: calls 250
beça07: calls 250
flagao: folds 
fecomunale: folds 
*** TURN *** [Kh Jc Td] [4s]
beça07: checks 
BrunoPasqual: checks 
BAMRC: checks 
*** RIVER *** [Kh Jc Td 4s] [5c]
beça07: checks 
BrunoPasqual: checks 
BAMRC: checks 
*** SHOW DOWN ***
beça07: shows [Kc 2d] (a pair of Kings)
BrunoPasqual: shows [2s Ks] (a pair of Kings)
BAMRC: mucks hand 
beça07 collected 1090 from pot
BrunoPasqual collected 1090 from pot
*** SUMMARY ***
Total pot 2180 | Rake 0 
Board [Kh Jc Td 4s 5c]
Seat 3: BAMRC mucked [As Ts]
Seat 4: FJara07 (button) folded before Flop (didn't bet)
Seat 6: beça07 (small blind) showed [Kc 2d] and won (1090) with a pair of Kings
Seat 7: flagao (big blind) folded on the Flop
Seat 8: fecomunale folded on the Flop
Seat 9: BrunoPasqual showed [2s Ks] and won (1090) with a pair of Kings



PokerStars Home Game Hand #212024282672: {Club #3217684} Tournament #2865029302, 17000+3000 Hold'em No Limit - Level X (125/250) - 2020/04/14 22:21:29 ET
Table '2865029302 2' 9-max Seat #6 is the button
Seat 3: BAMRC (17562 in chips) 
Seat 4: FJara07 (23025 in chips) 
Seat 6: beça07 (12935 in chips) 
Seat 7: flagao (3670 in chips) 
Seat 8: fecomunale (12315 in chips) 
Seat 9: BrunoPasqual (36325 in chips) 
BAMRC: posts the ante 30
FJara07: posts the ante 30
beça07: posts the ante 30
flagao: posts the ante 30
fecomunale: posts the ante 30
BrunoPasqual: posts the ante 30
flagao: posts small blind 125
fecomunale: posts big blind 250
*** HOLE CARDS ***
Dealt to flagao [5s 7d]
BrunoPasqual: calls 250
BAMRC: folds 
FJara07: folds 
beça07: folds 
flagao: folds 
fecomunale: checks 
*** FLOP *** [Qc 2d Js]
fecomunale: checks 
BrunoPasqual: checks 
*** TURN *** [Qc 2d Js] [7s]
fecomunale: checks 
BrunoPasqual: checks 
*** RIVER *** [Qc 2d Js 7s] [2h]
fecomunale: checks 
BrunoPasqual: checks 
*** SHOW DOWN ***
fecomunale: shows [4s Jc] (two pair, Jacks and Deuces)
BrunoPasqual: shows [Ad 9h] (a pair of Deuces)
fecomunale collected 805 from pot
*** SUMMARY ***
Total pot 805 | Rake 0 
Board [Qc 2d Js 7s 2h]
Seat 3: BAMRC folded before Flop (didn't bet)
Seat 4: FJara07 folded before Flop (didn't bet)
Seat 6: beça07 (button) folded before Flop (didn't bet)
Seat 7: flagao (small blind) folded before Flop
Seat 8: fecomunale (big blind) showed [4s Jc] and won (805) with two pair, Jacks and Deuces
Seat 9: BrunoPasqual showed [Ad 9h] and lost with a pair of Deuces



PokerStars Home Game Hand #212024300346: {Club #3217684} Tournament #2865029302, 17000+3000 Hold'em No Limit - Level X (125/250) - 2020/04/14 22:21:59 ET
Table '2865029302 2' 9-max Seat #7 is the button
Seat 3: BAMRC (17532 in chips) 
Seat 4: FJara07 (22995 in chips) 
Seat 6: beça07 (12905 in chips) 
Seat 7: flagao (3515 in chips) 
Seat 8: fecomunale (12840 in chips) 
Seat 9: BrunoPasqual (36045 in chips) 
BAMRC: posts the ante 30
FJara07: posts the ante 30
beça07: posts the ante 30
flagao: posts the ante 30
fecomunale: posts the ante 30
BrunoPasqual: posts the ante 30
fecomunale: posts small blind 125
BrunoPasqual: posts big blind 250
*** HOLE CARDS ***
Dealt to flagao [Jd 5c]
BAMRC: folds 
FJara07: raises 250 to 500
beça07: folds 
flagao: folds 
fecomunale: calls 375
BrunoPasqual: calls 250
*** FLOP *** [3h Ks Qc]
fecomunale: checks 
BrunoPasqual: checks 
FJara07: bets 750
fecomunale: folds 
BrunoPasqual: calls 750
*** TURN *** [3h Ks Qc] [7d]
BrunoPasqual: checks 
FJara07: bets 1000
BrunoPasqual: folds [8s 8d]
Uncalled bet (1000) returned to FJara07
FJara07 collected 3180 from pot
FJara07: shows [Ad Kh] (a pair of Kings)
*** SUMMARY ***
Total pot 3180 | Rake 0 
Board [3h Ks Qc 7d]
Seat 3: BAMRC folded before Flop (didn't bet)
Seat 4: FJara07 collected (3180)
Seat 6: beça07 folded before Flop (didn't bet)
Seat 7: flagao (button) folded before Flop (didn't bet)
Seat 8: fecomunale (small blind) folded on the Flop
Seat 9: BrunoPasqual (big blind) folded on the Turn



PokerStars Home Game Hand #212024329071: {Club #3217684} Tournament #2865029302, 17000+3000 Hold'em No Limit - Level X (125/250) - 2020/04/14 22:22:49 ET
Table '2865029302 2' 9-max Seat #8 is the button
Seat 3: BAMRC (17502 in chips) 
Seat 4: FJara07 (24895 in chips) 
Seat 6: beça07 (12875 in chips) 
Seat 7: flagao (3485 in chips) 
Seat 8: fecomunale (12310 in chips) 
Seat 9: BrunoPasqual (34765 in chips) 
BAMRC: posts the ante 30
FJara07: posts the ante 30
beça07: posts the ante 30
flagao: posts the ante 30
fecomunale: posts the ante 30
BrunoPasqual: posts the ante 30
BrunoPasqual: posts small blind 125
BAMRC: posts big blind 250
*** HOLE CARDS ***
Dealt to flagao [Js 4h]
FJara07: calls 250
beça07: folds 
flagao: folds 
fecomunale: raises 250 to 500
BrunoPasqual: calls 375
BAMRC: calls 250
FJara07: calls 250
*** FLOP *** [6c Ah 6h]
BrunoPasqual: checks 
BAMRC: checks 
FJara07: bets 750
fecomunale: folds 
BrunoPasqual: folds 
BAMRC: folds 
Uncalled bet (750) returned to FJara07
FJara07 collected 2180 from pot
FJara07: shows [7s Ad] (two pair, Aces and Sixes)
*** SUMMARY ***
Total pot 2180 | Rake 0 
Board [6c Ah 6h]
Seat 3: BAMRC (big blind) folded on the Flop
Seat 4: FJara07 collected (2180)
Seat 6: beça07 folded before Flop (didn't bet)
Seat 7: flagao folded before Flop (didn't bet)
Seat 8: fecomunale (button) folded on the Flop
Seat 9: BrunoPasqual (small blind) folded on the Flop



PokerStars Home Game Hand #212024369542: {Club #3217684} Tournament #2865029302, 17000+3000 Hold'em No Limit - Level X (125/250) - 2020/04/14 22:24:00 ET
Table '2865029302 2' 9-max Seat #9 is the button
Seat 3: BAMRC (16972 in chips) 
Seat 4: FJara07 (26545 in chips) 
Seat 6: beça07 (12845 in chips) 
Seat 7: flagao (3455 in chips) 
Seat 8: fecomunale (11780 in chips) 
Seat 9: BrunoPasqual (34235 in chips) 
BAMRC: posts the ante 30
FJara07: posts the ante 30
beça07: posts the ante 30
flagao: posts the ante 30
fecomunale: posts the ante 30
BrunoPasqual: posts the ante 30
BAMRC: posts small blind 125
FJara07: posts big blind 250
*** HOLE CARDS ***
Dealt to flagao [Qc Kc]
beça07: raises 750 to 1000
flagao: folds 
fecomunale: folds 
BrunoPasqual: calls 1000
BAMRC: folds 
FJara07: folds 
*** FLOP *** [9h 9d Ks]
beça07: checks 
BrunoPasqual: bets 1278
beça07: calls 1278
*** TURN *** [9h 9d Ks] [8c]
beça07: checks 
BrunoPasqual: checks 
*** RIVER *** [9h 9d Ks 8c] [Tc]
beça07: checks 
BrunoPasqual: bets 2556
beça07: calls 2556
*** SHOW DOWN ***
BrunoPasqual: shows [Qd Kh] (two pair, Kings and Nines)
beça07: mucks hand 
BrunoPasqual collected 10223 from pot
*** SUMMARY ***
Total pot 10223 | Rake 0 
Board [9h 9d Ks 8c Tc]
Seat 3: BAMRC (small blind) folded before Flop
Seat 4: FJara07 (big blind) folded before Flop
Seat 6: beça07 mucked [Jd Js]
Seat 7: flagao folded before Flop (didn't bet)
Seat 8: fecomunale folded before Flop (didn't bet)
Seat 9: BrunoPasqual (button) showed [Qd Kh] and won (10223) with two pair, Kings and Nines



PokerStars Home Game Hand #212024395837: {Club #3217684} Tournament #2865029302, 17000+3000 Hold'em No Limit - Level X (125/250) - 2020/04/14 22:24:46 ET
Table '2865029302 2' 9-max Seat #3 is the button
Seat 1: @tico0503 (35577 in chips) 
Seat 2: kinnho007 (27652 in chips) 
Seat 3: BAMRC (16817 in chips) 
Seat 4: FJara07 (26265 in chips) 
Seat 5: rafinha.nr (6655 in chips) is sitting out
Seat 6: beça07 (7981 in chips) 
Seat 7: flagao (3425 in chips) 
Seat 8: fecomunale (11750 in chips) 
Seat 9: BrunoPasqual (39594 in chips) 
@tico0503: posts the ante 30
kinnho007: posts the ante 30
BAMRC: posts the ante 30
FJara07: posts the ante 30
rafinha.nr: posts the ante 30
beça07: posts the ante 30
flagao: posts the ante 30
fecomunale: posts the ante 30
BrunoPasqual: posts the ante 30
FJara07: posts small blind 125
rafinha.nr: posts big blind 250
*** HOLE CARDS ***
Dealt to flagao [2h 3s]
beça07: folds 
flagao: folds 
fecomunale: calls 250
BrunoPasqual: folds 
@tico0503: raises 500 to 750
kinnho007: folds 
BAMRC: calls 750
FJara07: folds 
rafinha.nr: folds 
fecomunale: calls 500
*** FLOP *** [5d 3h Td]
fecomunale: checks 
@tico0503: bets 1448
BAMRC: folds 
fecomunale: folds 
Uncalled bet (1448) returned to @tico0503
@tico0503 collected 2895 from pot
@tico0503: doesn't show hand 
*** SUMMARY ***
Total pot 2895 | Rake 0 
Board [5d 3h Td]
Seat 1: @tico0503 collected (2895)
Seat 2: kinnho007 folded before Flop (didn't bet)
Seat 3: BAMRC (button) folded on the Flop
Seat 4: FJara07 (small blind) folded before Flop
Seat 5: rafinha.nr (big blind) folded before Flop
Seat 6: beça07 folded before Flop (didn't bet)
Seat 7: flagao folded before Flop (didn't bet)
Seat 8: fecomunale folded on the Flop
Seat 9: BrunoPasqual folded before Flop (didn't bet)



PokerStars Home Game Hand #212024431572: {Club #3217684} Tournament #2865029302, 17000+3000 Hold'em No Limit - Level X (125/250) - 2020/04/14 22:25:42 ET
Table '2865029302 2' 9-max Seat #4 is the button
Seat 1: @tico0503 (37692 in chips) 
Seat 2: kinnho007 (27622 in chips) 
Seat 3: BAMRC (16037 in chips) 
Seat 4: FJara07 (26110 in chips) 
Seat 5: rafinha.nr (6375 in chips) is sitting out
Seat 6: beça07 (7951 in chips) 
Seat 7: flagao (3395 in chips) 
Seat 8: fecomunale (10970 in chips) 
Seat 9: BrunoPasqual (39564 in chips) 
@tico0503: posts the ante 30
kinnho007: posts the ante 30
BAMRC: posts the ante 30
FJara07: posts the ante 30
rafinha.nr: posts the ante 30
beça07: posts the ante 30
flagao: posts the ante 30
fecomunale: posts the ante 30
BrunoPasqual: posts the ante 30
rafinha.nr: posts small blind 125
beça07: posts big blind 250
*** HOLE CARDS ***
Dealt to flagao [Jc Kc]
flagao: raises 250 to 500
fecomunale: calls 500
BrunoPasqual: folds 
@tico0503: folds 
kinnho007: folds 
BAMRC: folds 
FJara07: folds 
rafinha.nr: folds 
beça07: calls 250
*** FLOP *** [2s Ah 7h]
beça07: checks 
flagao: bets 500
fecomunale: calls 500
beça07: folds 
*** TURN *** [2s Ah 7h] [5s]
flagao: checks 
fecomunale: bets 1000
flagao: folds 
Uncalled bet (1000) returned to fecomunale
fecomunale collected 2895 from pot
fecomunale: doesn't show hand 
*** SUMMARY ***
Total pot 2895 | Rake 0 
Board [2s Ah 7h 5s]
Seat 1: @tico0503 folded before Flop (didn't bet)
Seat 2: kinnho007 folded before Flop (didn't bet)
Seat 3: BAMRC folded before Flop (didn't bet)
Seat 4: FJara07 (button) folded before Flop (didn't bet)
Seat 5: rafinha.nr (small blind) folded before Flop
Seat 6: beça07 (big blind) folded on the Flop
Seat 7: flagao folded on the Turn
Seat 8: fecomunale collected (2895)
Seat 9: BrunoPasqual folded before Flop (didn't bet)



PokerStars Home Game Hand #212024464267: {Club #3217684} Tournament #2865029302, 17000+3000 Hold'em No Limit - Level XI (150/300) - 2020/04/14 22:26:40 ET
Table '2865029302 2' 9-max Seat #5 is the button
Seat 1: @tico0503 (37662 in chips) 
Seat 2: kinnho007 (27592 in chips) 
Seat 3: BAMRC (16007 in chips) is sitting out
Seat 4: FJara07 (26080 in chips) 
Seat 5: rafinha.nr (6220 in chips) is sitting out
Seat 6: beça07 (7421 in chips) 
Seat 7: flagao (2365 in chips) 
Seat 8: fecomunale (12835 in chips) 
Seat 9: BrunoPasqual (39534 in chips) 
@tico0503: posts the ante 40
kinnho007: posts the ante 40
BAMRC: posts the ante 40
FJara07: posts the ante 40
rafinha.nr: posts the ante 40
beça07: posts the ante 40
flagao: posts the ante 40
fecomunale: posts the ante 40
BrunoPasqual: posts the ante 40
beça07: posts small blind 150
flagao: posts big blind 300
*** HOLE CARDS ***
Dealt to flagao [Kd 7s]
fecomunale: calls 300
BrunoPasqual: folds 
@tico0503: calls 300
kinnho007: folds 
BAMRC: folds 
FJara07: folds 
rafinha.nr: folds 
beça07: calls 150
flagao: checks 
*** FLOP *** [9h Qs 7d]
beça07: checks 
flagao: checks 
fecomunale: bets 780
@tico0503: folds 
beça07: folds 
flagao: folds 
Uncalled bet (780) returned to fecomunale
fecomunale collected 1560 from pot
fecomunale: doesn't show hand 
*** SUMMARY ***
Total pot 1560 | Rake 0 
Board [9h Qs 7d]
Seat 1: @tico0503 folded on the Flop
Seat 2: kinnho007 folded before Flop (didn't bet)
Seat 3: BAMRC folded before Flop (didn't bet)
Seat 4: FJara07 folded before Flop (didn't bet)
Seat 5: rafinha.nr (button) folded before Flop (didn't bet)
Seat 6: beça07 (small blind) folded on the Flop
Seat 7: flagao (big blind) folded on the Flop
Seat 8: fecomunale collected (1560)
Seat 9: BrunoPasqual folded before Flop (didn't bet)



PokerStars Home Game Hand #212024488832: {Club #3217684} Tournament #2865029302, 17000+3000 Hold'em No Limit - Level XI (150/300) - 2020/04/14 22:27:23 ET
Table '2865029302 2' 9-max Seat #6 is the button
Seat 1: @tico0503 (37322 in chips) 
Seat 2: kinnho007 (27552 in chips) 
Seat 3: BAMRC (15967 in chips) is sitting out
Seat 4: FJara07 (26040 in chips) is sitting out
Seat 5: rafinha.nr (6180 in chips) is sitting out
Seat 6: beça07 (7081 in chips) 
Seat 7: flagao (2025 in chips) 
Seat 8: fecomunale (14055 in chips) 
Seat 9: BrunoPasqual (39494 in chips) 
@tico0503: posts the ante 40
kinnho007: posts the ante 40
BAMRC: posts the ante 40
FJara07: posts the ante 40
rafinha.nr: posts the ante 40
beça07: posts the ante 40
flagao: posts the ante 40
fecomunale: posts the ante 40
BrunoPasqual: posts the ante 40
flagao: posts small blind 150
fecomunale: posts big blind 300
*** HOLE CARDS ***
Dealt to flagao [Ad 9d]
BrunoPasqual: raises 600 to 900
@tico0503: calls 900
kinnho007: folds 
BAMRC: folds 
FJara07: folds 
rafinha.nr: folds 
beça07: folds 
flagao: folds 
fecomunale: raises 600 to 1500
BrunoPasqual: calls 600
@tico0503: calls 600
*** FLOP *** [Qh 5s Jh]
fecomunale: bets 2505
BrunoPasqual: folds 
@tico0503: calls 2505
*** TURN *** [Qh 5s Jh] [6h]
fecomunale: bets 3000
@tico0503: folds 
Uncalled bet (3000) returned to fecomunale
fecomunale collected 10020 from pot
fecomunale: doesn't show hand 
*** SUMMARY ***
Total pot 10020 | Rake 0 
Board [Qh 5s Jh 6h]
Seat 1: @tico0503 folded on the Turn
Seat 2: kinnho007 folded before Flop (didn't bet)
Seat 3: BAMRC folded before Flop (didn't bet)
Seat 4: FJara07 folded before Flop (didn't bet)
Seat 5: rafinha.nr folded before Flop (didn't bet)
Seat 6: beça07 (button) folded before Flop (didn't bet)
Seat 7: flagao (small blind) folded before Flop
Seat 8: fecomunale (big blind) collected (10020)
Seat 9: BrunoPasqual folded on the Flop



PokerStars Home Game Hand #212024534134: {Club #3217684} Tournament #2865029302, 17000+3000 Hold'em No Limit - Level XI (150/300) - 2020/04/14 22:28:43 ET
Table '2865029302 2' 9-max Seat #7 is the button
Seat 1: @tico0503 (33277 in chips) 
Seat 2: kinnho007 (27512 in chips) 
Seat 3: BAMRC (15927 in chips) is sitting out
Seat 4: FJara07 (26000 in chips) 
Seat 5: rafinha.nr (6140 in chips) is sitting out
Seat 6: beça07 (7041 in chips) 
Seat 7: flagao (1835 in chips) 
Seat 8: fecomunale (20030 in chips) 
Seat 9: BrunoPasqual (37954 in chips) 
@tico0503: posts the ante 40
kinnho007: posts the ante 40
BAMRC: posts the ante 40
FJara07: posts the ante 40
rafinha.nr: posts the ante 40
beça07: posts the ante 40
flagao: posts the ante 40
fecomunale: posts the ante 40
BrunoPasqual: posts the ante 40
fecomunale: posts small blind 150
BrunoPasqual: posts big blind 300
*** HOLE CARDS ***
Dealt to flagao [Jd Qd]
@tico0503: folds 
kinnho007: folds 
BAMRC: folds 
FJara07: folds 
rafinha.nr: folds 
beça07: folds 
flagao: raises 1495 to 1795 and is all-in
fecomunale: folds 
BrunoPasqual: calls 1495
*** FLOP *** [9d 2s Ac]
*** TURN *** [9d 2s Ac] [2h]
*** RIVER *** [9d 2s Ac 2h] [8s]
*** SHOW DOWN ***
BrunoPasqual: shows [Jc 5c] (a pair of Deuces)
flagao: shows [Jd Qd] (a pair of Deuces - Ace+Queen kicker)
flagao collected 4100 from pot
*** SUMMARY ***
Total pot 4100 | Rake 0 
Board [9d 2s Ac 2h 8s]
Seat 1: @tico0503 folded before Flop (didn't bet)
Seat 2: kinnho007 folded before Flop (didn't bet)
Seat 3: BAMRC folded before Flop (didn't bet)
Seat 4: FJara07 folded before Flop (didn't bet)
Seat 5: rafinha.nr folded before Flop (didn't bet)
Seat 6: beça07 folded before Flop (didn't bet)
Seat 7: flagao (button) showed [Jd Qd] and won (4100) with a pair of Deuces
Seat 8: fecomunale (small blind) folded before Flop
Seat 9: BrunoPasqual (big blind) showed [Jc 5c] and lost with a pair of Deuces



PokerStars Home Game Hand #212024572637: {Club #3217684} Tournament #2865029302, 17000+3000 Hold'em No Limit - Level XI (150/300) - 2020/04/14 22:29:25 ET
Table '2865029302 2' 9-max Seat #8 is the button
Seat 1: @tico0503 (33237 in chips) 
Seat 2: kinnho007 (27472 in chips) 
Seat 3: BAMRC (15887 in chips) is sitting out
Seat 4: FJara07 (25960 in chips) 
Seat 5: rafinha.nr (6100 in chips) is sitting out
Seat 6: beça07 (7001 in chips) 
Seat 7: flagao (4100 in chips) 
Seat 8: fecomunale (19840 in chips) 
Seat 9: BrunoPasqual (36119 in chips) 
@tico0503: posts the ante 40
kinnho007: posts the ante 40
BAMRC: posts the ante 40
FJara07: posts the ante 40
rafinha.nr: posts the ante 40
beça07: posts the ante 40
flagao: posts the ante 40
fecomunale: posts the ante 40
BrunoPasqual: posts the ante 40
BrunoPasqual: posts small blind 150
@tico0503: posts big blind 300
*** HOLE CARDS ***
Dealt to flagao [8s Ks]
kinnho007: folds 
BAMRC: folds 
FJara07: folds 
rafinha.nr: folds 
beça07: folds 
flagao: raises 300 to 600
fecomunale: raises 900 to 1500
BrunoPasqual: folds 
@tico0503: folds 
flagao: folds 
Uncalled bet (900) returned to fecomunale
fecomunale collected 2010 from pot
fecomunale: doesn't show hand 
*** SUMMARY ***
Total pot 2010 | Rake 0 
Seat 1: @tico0503 (big blind) folded before Flop
Seat 2: kinnho007 folded before Flop (didn't bet)
Seat 3: BAMRC folded before Flop (didn't bet)
Seat 4: FJara07 folded before Flop (didn't bet)
Seat 5: rafinha.nr folded before Flop (didn't bet)
Seat 6: beça07 folded before Flop (didn't bet)
Seat 7: flagao folded before Flop
Seat 8: fecomunale (button) collected (2010)
Seat 9: BrunoPasqual (small blind) folded before Flop



PokerStars Home Game Hand #212024596454: {Club #3217684} Tournament #2865029302, 17000+3000 Hold'em No Limit - Level XI (150/300) - 2020/04/14 22:30:07 ET
Table '2865029302 2' 9-max Seat #9 is the button
Seat 1: @tico0503 (32897 in chips) 
Seat 2: kinnho007 (27432 in chips) 
Seat 3: BAMRC (15847 in chips) is sitting out
Seat 4: FJara07 (25920 in chips) 
Seat 5: rafinha.nr (6060 in chips) is sitting out
Seat 6: beça07 (6961 in chips) 
Seat 7: flagao (3460 in chips) 
Seat 8: fecomunale (21210 in chips) 
Seat 9: BrunoPasqual (35929 in chips) 
@tico0503: posts the ante 40
kinnho007: posts the ante 40
BAMRC: posts the ante 40
FJara07: posts the ante 40
rafinha.nr: posts the ante 40
beça07: posts the ante 40
flagao: posts the ante 40
fecomunale: posts the ante 40
BrunoPasqual: posts the ante 40
@tico0503: posts small blind 150
kinnho007: posts big blind 300
*** HOLE CARDS ***
Dealt to flagao [5d Qh]
BAMRC: folds 
FJara07: folds 
rafinha.nr: folds 
beça07: folds 
flagao: folds 
fecomunale: folds 
BrunoPasqual: calls 300
@tico0503: calls 150
kinnho007: raises 600 to 900
BrunoPasqual: calls 600
@tico0503: calls 600
*** FLOP *** [4s As 7d]
@tico0503: bets 1530
kinnho007: calls 1530
BrunoPasqual: folds 
*** TURN *** [4s As 7d] [5c]
@tico0503: bets 3060
kinnho007: calls 3060
*** RIVER *** [4s As 7d 5c] [Kd]
@tico0503: bets 3900
kinnho007: calls 3900
*** SHOW DOWN ***
@tico0503: shows [Ah 5s] (two pair, Aces and Fives)
kinnho007: mucks hand 
@tico0503 collected 20040 from pot
*** SUMMARY ***
Total pot 20040 | Rake 0 
Board [4s As 7d 5c Kd]
Seat 1: @tico0503 (small blind) showed [Ah 5s] and won (20040) with two pair, Aces and Fives
Seat 2: kinnho007 (big blind) mucked [Jd Ac]
Seat 3: BAMRC folded before Flop (didn't bet)
Seat 4: FJara07 folded before Flop (didn't bet)
Seat 5: rafinha.nr folded before Flop (didn't bet)
Seat 6: beça07 folded before Flop (didn't bet)
Seat 7: flagao folded before Flop (didn't bet)
Seat 8: fecomunale folded before Flop (didn't bet)
Seat 9: BrunoPasqual (button) folded on the Flop



PokerStars Home Game Hand #212024636354: {Club #3217684} Tournament #2865029302, 17000+3000 Hold'em No Limit - Level XI (150/300) - 2020/04/14 22:31:19 ET
Table '2865029302 2' 9-max Seat #1 is the button
Seat 1: @tico0503 (43507 in chips) 
Seat 2: kinnho007 (18002 in chips) 
Seat 3: BAMRC (15807 in chips) is sitting out
Seat 4: FJara07 (25880 in chips) 
Seat 5: rafinha.nr (6020 in chips) is sitting out
Seat 6: beça07 (6921 in chips) 
Seat 7: flagao (3420 in chips) 
Seat 8: fecomunale (21170 in chips) 
Seat 9: BrunoPasqual (34989 in chips) 
@tico0503: posts the ante 40
kinnho007: posts the ante 40
BAMRC: posts the ante 40
FJara07: posts the ante 40
rafinha.nr: posts the ante 40
beça07: posts the ante 40
flagao: posts the ante 40
fecomunale: posts the ante 40
BrunoPasqual: posts the ante 40
kinnho007: posts small blind 150
BAMRC: posts big blind 300
*** HOLE CARDS ***
Dealt to flagao [Qs Ah]
FJara07: raises 300 to 600
rafinha.nr: folds 
beça07: folds 
flagao: raises 2780 to 3380 and is all-in
fecomunale: calls 3380
BrunoPasqual: folds 
@tico0503: folds 
kinnho007: folds 
BAMRC: folds 
FJara07: calls 2780
*** FLOP *** [6c 2s 9h]
FJara07: checks 
fecomunale: checks 
*** TURN *** [6c 2s 9h] [8d]
FJara07: checks 
fecomunale: checks 
*** RIVER *** [6c 2s 9h 8d] [5s]
FJara07: checks 
fecomunale: checks 
*** SHOW DOWN ***
FJara07: shows [Ac Jc] (high card Ace)
flagao: shows [Qs Ah] (high card Ace - Queen kicker)
fecomunale: shows [Ks As] (high card Ace - King kicker)
fecomunale collected 10950 from pot
flagao finished the tournament in 17th place
*** SUMMARY ***
Total pot 10950 | Rake 0 
Board [6c 2s 9h 8d 5s]
Seat 1: @tico0503 (button) folded before Flop (didn't bet)
Seat 2: kinnho007 (small blind) folded before Flop
Seat 3: BAMRC (big blind) folded before Flop
Seat 4: FJara07 showed [Ac Jc] and lost with high card Ace
Seat 5: rafinha.nr folded before Flop (didn't bet)
Seat 6: beça07 folded before Flop (didn't bet)
Seat 7: flagao showed [Qs Ah] and lost with high card Ace
Seat 8: fecomunale showed [Ks As] and won (10950) with high card Ace
Seat 9: BrunoPasqual folded before Flop (didn't bet)


